2006 3327
746 637 895 673 Alcest.
931 639 949 674 1
959 638 1035 674 123
1068 649 1127 685 sq.

237 719 326 760 ΑΔ.
376 718 409 760 ὧ
441 718 543 764 θεοί,
576 718 612 759 τί
643 718 769 766 λέξω;
802 717 925 768 (θαῦμ’
945 718 958 744 1
988 717 1247 759 ἀνέλπιστον
1278 718 1395 758 τόδε·

375 788 553 834 γυναῖκα
585 785 756 826 λεύσσω
787 785 902 836 τήνδ’
935 785 1039 835 ἐμὴν
1071 785 1302 835 ἐτητύμως,

375 852 400 903 ἢ
432 851 640 904 κέρτομός
673 867 721 902 με
753 854 854 893 Θεοῦ
884 865 948 902 τις
979 852 1212 901 ἐκπλήσσει
1244 851 1376 902 χαρά;

241 920 320 962 ΗΡ.
372 920 450 961 οὐκ
481 920 618 961 ἔστιν·
651 919 760 961 ἀλλὰ
791 918 906 970 τήνδ’
940 919 1047 972 ὁρᾷς
1078 919 1272 970 δάμαρτα
1303 919 1397 969 σήν.

310 1020 362 1043 an
399 1003 509 1055 χαρά
548 1013 641 1055 apte
682 1007 884 1042 diceretur
921 1003 1180 1053 ἐκπλήσσειν
1216 1007 1343 1054 primo
1375 1005 1588 1043 Νειιιοίςίο2
1622 1007 1697 1042 du-

179 1075 286 1111 bium
315 1075 439 1111 visum
470 1080 550 1118 est;
598 1074 751 1111 assensi
789 1079 882 1109 sunt
918 1074 993 1111 alii.
1055 1072 1179 1118 Quod
1210 1079 1362 1122 quanto
1394 1074 1478 1110 iure
1516 1073 1697 1119 fecerint,

178 1154 286 1178 nunc
316 1154 398 1179 non
430 1153 641 1190 quaeram3
674 1141 785 1177 aliud
816 1141 922 1177 enim
953 1147 1026 1190 est,
1058 1141 1170 1189 quod
1201 1141 1327 1177 multo
1359 1141 1518 1188 gravius
1538 1152 1601 1176 me
1624 1141 1697 1177 ad-

180 1208 330 1253 fecerit,
376 1208 585 1257 genetivus
624 1222 646 1245 e
688 1220 787 1244 voce
831 1205 940 1256 χοιρά
983 1208 1081 1244 mira
1123 1208 1415 1255 significatione
1462 1219 1696 1256 suspensus.

179 1274 320 1324 Neque
361 1275 466 1311 enim
504 1275 603 1314 Θεοῦ
643 1272 752 1323 χαρά
792 1287 834 1311 re
866 1287 958 1311 vera
995 1275 1103 1310 idem
1143 1286 1231 1311 esse
1266 1282 1388 1323 atque
1427 1271 1698 1323 Θεόπεμπτος

179 1338 290 1390 χαρά
322 1363 371 1367 ——
403 1343 484 1379 tale
515 1343 719 1379 sententia
751 1342 905 1389 flagitat
939 1362 986 1366 -η
1020 1342 1114 1377 mihi
1145 1343 1387 1390 persuadeo,
1420 1342 1526 1391 quia,
1564 1342 1597 1378 si
1627 1353 1697 1389 ge-

178 1409 337 1446 netivus
372 1409 423 1446 illi
460 1409 714 1446 substantivo
746 1409 922 1455 additur,
955 1409 987 1445 is
1021 1409 1221 1446 hominem
1255 1409 1419 1457 quidem
1452 1415 1595 1445 notare
1626 1420 1698 1456 po-

179 1483 270 1520 test,
301 1477 368 1525 qui
397 1478 550 1526 gaudet
581 1478 712 1526 aliqua.
743 1489 796 1520 re,
844 1483 912 1513 aut
943 1489 1036 1519 rem,
1077 1490 1155 1525 qua
1186 1478 1271 1525 quis
1305 1477 1531 1513 delectatur
1548 1474 1575 1520 3,
1622 1477 1696 1512 sed

173 1556 246 1593 pro
286 1544 375 1592 lege
414 1545 606 1582 sermonis
640 1544 786 1581 Graeci
827 1544 992 1592 amplius
1029 1544 1135 1581 nihil.
1200 1544 1303 1580 Nam
1335 1541 1445 1592 χαρά
1476 1557 1500 1580 a
1531 1541 1691 1592 χαίρειν

174 1612 334 1649 ducitur
373 1612 496 1649 verbo
533 1612 782 1649 intransitivo
826 1612 938 1659 quod
979 1618 1137 1658 vocant,
1187 1624 1269 1647 non
1299 1624 1322 1648 a
1351 1609 1512 1659 χαίρειν
1542 1611 1691 1650 ποιεῖν.

175 1678 447 1725 Quamobrem
486 1691 616 1727 paene
655 1680 881 1716 necessaria
919 1679 1088 1715 exsistat
1128 1679 1335 1723 correctio,
1382 1691 1501 1728 quam
1533 1692 1557 1716 a
1588 1679 1693 1715 Bue-

174 1745 334 1782 chelero
367 1746 461 1782 olim
493 1747 743 1795 propositam
777 1758 867 1782 esse
902 1747 1040 1783 video:

370 1810 394 1860 ἢ
428 1811 635 1862 κέρτομός
668 1811 705 1862 μ’
738 1811 784 1852 ἐκ
815 1813 915 1852 θεοῦ
947 1825 1011 1861 τις
1042 1810 1276 1860 ἐκπλήσσει
1307 1810 1464 1861 χαρά4;

173 1881 401 1929 eademque
432 1881 664 1918 coniectura
694 1882 877 1924 alterum,
911 1882 1023 1929 quod
1054 1881 1184 1917 versui
1210 1881 1372 1924 insidet,
1405 1881 1597 1918 mendum
1620 1880 1695 1917 tol-

172 1948 272 1986 litur.
333 1948 492 1985 Scilicet
523 1960 612 1985 eam
644 1949 773 1996 legem
807 1948 1059 1996 Aeschylum,
1098 1948 1353 1996 Sophoclem,
1390 1947 1625 1996 Euripidem
1655 1948 1695 1984 in

173 2015 316 2052 fabulis
351 2015 639 2064 antiquioribus
671 2017 877 2064 amplexos
908 2028 997 2052 esse
1031 2021 1201 2060 constat,
1235 2020 1290 2058 ut,
1322 2027 1412 2051 cum
1444 2011 1544 2062 Θεός
1575 2027 1695 2052 voca-

172 2083 307 2120 bulum
338 2083 377 2119 in
408 2083 579 2132 synizesi
611 2083 858 2131 pronuntiari
889 2082 1049 2127 vellent,
1087 2083 1247 2130 longam
1279 2082 1471 2130 syllabam
1502 2082 1694 2130 praemit-

173 2156 304 2187 terent
320 2148 347 2189 5.
408 2150 559 2187 Verum
598 2157 735 2188 tamen
772 2150 1062 2187 emendatione
1100 2150 1164 2186 illa
1202 2155 1373 2198 accepta
1414 2161 1511 2186 num
1552 2149 1694 2186 melius

307 2281 319 2305 ¹
345 2282 462 2326 φάσμ’
487 2284 624 2318 Nauck.
653 2284 751 2317 stud.
778 2285 858 2317 Eur.
885 2284 921 2315 II
947 2295 978 2326 p.
1006 2282 1061 2317 84.
1114 2284 1155 2316 cf.
1182 2283 1344 2327 Kvicala‚
1371 2283 1518 2316 Studien
1544 2294 1586 2315 zu
1613 2285 1694 2317 Eur.

171 2344 206 2374 ΙΙ
231 2354 264 2386 p.
297 2343 371 2377 100.

303 2400 319 2424 2
344 2403 424 2434 loco
451 2403 617 2435 indicato.
660 2403 751 2435 Vide
775 2409 889 2435 tamen
915 2402 1062 2445 exempli
1089 2413 1190 2434 eausa
1209 2402 1374 2444 Aeschyl.
1393 2401 1550 2444 Choeph.
1578 2413 1608 2435 v.
1625 2400 1694 2436 „0525

174 2461 323 2494 Kirchh.

304 2518 318 2541 3
343 2521 386 2554 cf.
406 2521 540 2556 Alcest.
559 2521 627 2555 579
655 2521 723 2555 σὺν
741 2521 772 2553 δ’
793 2520 1054 2562 ἐποιμαίνοντο
1082 2523 1175 2563 χαρᾷ
1204 2519 1346 2561 μελέων
1369 2518 1486 2560 βαλιαί
1504 2530 1545 2553 τε
1563 2519 1694 2561 λύγκες

176 2597 213 2602 m
243 2579 385 2611 dubium
411 2585 461 2612 est
485 2580 578 2623 πρὸς
603 2580 720 2623 χαρὰν
746 2580 870 2620 λόγων
895 2579 1002 2621 Soph.
1028 2579 1152 2611 Trach.
1182 2578 1258 2612 179.

303 2635 319 2659 4
343 2639 434 2680 apud
449 2640 623 2682 Baierum,
665 2639 895 2672 animadvers.
922 2639 958 2670 in
980 2644 1099 2680 poetas
1127 2638 1273 2678 tragicos
1302 2638 1450 2670 Graecos
1476 2649 1509 2680 p.
1525 2637 1570 2671 52
1596 2636 1693 2679 (diss.

173 2697 284 2729 Bonn.
314 2696 432 2740 1874).
471 2709 542 2730 non
569 2704 689 2730 curant
706 2699 796 2730 hanc
823 2709 893 2730 rem
908 2698 1114 2730 WVheelerus
1142 2696 1201 2741 (de
1230 2697 1422 2729 Alcestidis
1451 2702 1484 2728 et
1510 2696 1693 2738 Hippolyti

174 2756 292 2797 Eurip.
320 2756 647 2798 interpolationibus
675 2758 810 2790 dissert.
838 2759 948 2789 Bonn.
978 2757 1068 2790 1875)
1094 2768 1126 2798 p.
1154 2756 1213 2797 41)
1244 2757 1301 2798 qui
1327 2756 1527 2799 proposuit:
1566 2755 1587 2796 ἢ
1617 2765 1693 2797 κερ-

172 2813 276 2857 Τόμῳ
303 2824 346 2854 με
373 2815 471 2848 θεῶν
496 2825 550 2855 τις
577 2815 776 2857 ἐκπλήσσει
804 2818 909 2859 χαρᾷ,
958 2821 1014 2847 aut
1041 2816 1080 2848 F.
1108 2817 1168 2848 W.
1196 2815 1423 2848 Schmidtius:
1464 2815 1486 2856 ἢ
1514 2814 1694 2857 κε’ρτομός

174 2882 217 2914 με
243 2874 342 2906 θεῶν
367 2883 422 2913 τις
447 2873 608 2909 ἐκπαίζει
633 2874 746 2916 τάχα;
773 2874 867 2917 χαρά
892 2874 926 2906 in
955 2874 1059 2916 χάρις
1085 2879 1191 2906 mutat
1217 2873 1375 2917 Kvieala.

305 2929 320 2952 5
346 2932 388 2965 cf.
415 2932 530 2965 Baier.
557 2932 578 2966 l.
604 2933 707 2966 indic.
