2006 3327
993 197 1036 230 12

452 310 489 351 τί
521 309 627 360 δῆτά
657 324 724 360 μοι
757 312 830 359 Ζῆν
861 310 959 362 {som
991 310 1099 361 πρὸς
1129 310 1167 351 τί
1197 311 1274 361 χρὴ
1307 311 1495 363 βλέπειν;

256 381 398 429 Neque
430 381 541 417 aliter
566 380 642 415 alio
675 380 859 415 eiusdem
892 380 1048 416 fabulae
1081 381 1170 417 loco
1201 386 1413 428 peccatum
1445 387 1507 418 est
1539 394 1570 419 v.
1606 382 1730 419 1063:

453 445 520 485 καὶ
551 446 632 485 σοῦ
664 457 711 492 γε
742 443 895 494 παιδὸς
925 444 1042 485 παιδὶ
1072 444 1301 495 πορσύνων
1334 445 1481 496 μόρον.

257 527 334 562 quo
365 514 450 550 loco
483 513 565 552 σοῦ
586 513 798 561 personale
829 513 879 549 sit
900 525 1068 550 necesse
1097 519 1171 550 est.
1231 513 1333 551 Nam
1354 520 1423 551 aut
1444 512 1524 562 σὸς
1554 515 1652 563 παῖς
1680 526 1772 553 Trou-

257 578 332 629 δός
365 587 432 616 aut
473 579 572 628 παῖς
611 576 766 628 παιδὸς
804 577 931 618 σέθεν
970 580 1130 628 tragicis
1169 580 1208 616 in
1244 593 1315 617 usu
1349 581 1470 618 fuisse
1500 581 1613 630 primi
1645 582 1773 618 Elms-

256 644 392 695 leyus1
424 653 465 683 et
496 646 723 683 Lobeclzius
743 644 757 669 1
786 647 1061 685 observarunt.
1123 647 1256 693 Quam
1286 648 1336 684 ob
1365 660 1528 685 causam
1561 649 1717 697 corrigo

453 711 520 751 καί
547 711 628 752 σού
658 725 705 760 γε
736 712 891 761 παιδὸς
924 711 1039 752 παιδὶ
1071 711 1303 762 πορσύνων
1337 712 1482 764 μόρον,

257 793 387 830 neque
419 782 526 817 enini
557 781 597 817 id
630 781 759 829 agitur
802 787 934 817 utrum
967 781 1072 817 Pelei
1110 794 1162 817 an
1193 781 1353 818 alterius
1386 788 1575 830 nepotem
1607 782 1774 820 Orestes

257 848 534 885 interfecturus
576 848 625 884 sit
641 845 668 885 2.
744 848 930 884 Indidem
968 848 1106 885 nescio
1152 861 1203 884 an
1246 854 1426 896 praestet
1462 849 1615 887 Hecub.
1654 863 1688 887 v.
1726 852 1775 888 10

258 915 452 952 scribere:

311 979 447 1020 πολὺν
480 979 525 1019 δὲ
558 978 655 1020 σύν
689 992 781 1029 μοι
812 978 910 1031 (σὺν
941 979 1032 1030 ἐμοὶ
1066 980 1117 1028 ll.)
1150 979 1312 1030 χρυσὸν
1343 978 1542 1030 ἐκπέμπει
1572 979 1719 1035 λάθρᾳ,

258 1050 365 1097 quod
402 1049 432 1085 si
468 1055 576 1085 recte
614 1048 815 1096 proposui,
855 1049 1174 1096 monosyllabum
1215 1050 1334 1085 breve
1373 1050 1413 1085 in
1453 1050 1620 1086 secundi
1658 1051 1776 1098 pedis

259 1113 518 1153 elevationc3
561 1116 800 1152 collocatum
840 1116 964 1152 altero
1003 1127 1133 1164 eoque
1170 1117 1291 1164 longo
1330 1116 1536 1164 excipitur.
1595 1116 1686 1153 Hoc
1727 1129 1775 1153 eo

260 1183 517 1219 referendum
551 1183 663 1231 quod
691 1183 856 1218 omnino
889 1183 920 1218 si
942 1189 1036 1219 ante
1058 1195 1262 1219 caesuram
1285 1182 1626 1230 penthemimeren
1658 1195 1777 1221 voca-

260 1250 392 1287 bulum
436 1250 552 1286 unius
589 1250 764 1298 syllabae
813 1250 964 1285 ambitu
1002 1250 1197 1291 inseritur,
1245 1250 1286 1285 id
1330 1250 1494 1298 longum
1532 1262 1621 1287 esse
1662 1251 1776 1294 solet,

260 1329 481 1364 numquam
514 1327 650 1353 tamen
682 1317 842 1364 saepius
876 1327 995 1364 quam
1017 1316 1126 1352 brevi
1158 1317 1434 1364 monosyllabo
1465 1303 1759 1366 praecedente:

317 1407 500 1455 Aeschyl.
520 1407 625 1445 Pers.
649 1404 755 1444 2004
786 1403 854 1444 καὶ
883 1405 1016 1443 ταῦτα
1044 1403 1129 1453 μὲν
1161 1403 1220 1452 δὴ
1253 1403 1406 1454 νυκτὸς
1443 1403 1616 1445 εἰσιδεῖν
1646 1404 1777 1453 λέγω·

522 1473 628 1521 Sept.
651 1474 726 1510 605
787 1470 971 1520 γέροντα
988 1469 1077 1511 τὸν
1102 1472 1237 1520 νοῦν,
1255 1468 1394 1520 σάρκα
1411 1471 1446 1511 δ’
1471 1470 1647 1521 ἡβῶσαν
1666 1471 1776 1522 φύει.

402 1540 522 1589 Soph.
556 1541 615 1578 Ai.
651 1542 727 1578 786
787 1540 900 1588 Ξυρεῑ
923 1539 1004 1588 γὰρ
1037 1538 1091 1578 ἐν
1124 1541 1225 1591 χρῷ
1257 1539 1383 1578 τοῦτο
1408 1538 1460 1588 μὴ
1483 1538 1643 1589 χαίρειν
1670 1537 1775 1579 τινά.

483 1608 618 1654 Antig.
651 1609 729 1645 896
790 1603 949 1654 κάτειμι
980 1604 1102 1655 πρίν
1134 1617 1214 1654 μοι
1246 1606 1396 1654 μοῖραν
1428 1604 1590 1654 ἐξήκειν
1620 1604 1724 1656 βίου.

387 1674 521 1722 Eurip.
554 1674 613 1710 El.
645 1675 722 1711 230
783 1674 843 1724 Ζῇ”
865 1673 1013 1721 πρῶτα
1036 1670 1129 1721 γάρ
1148 1680 1231 1711 σοι
1253 1669 1399 1719 τάγάθ’
1418 1669 1637 1720 ἀγγέλλειν
1653 1671 1775 1712 θέλω.

469 1741 625 1778 Her-acl.
648 1743 726 1779 966
787 1738 866 1789 οὐχ
897 1737 1027 1779 ὅντιν’
1058 1737 1120 1778 ἄν
1151 1751 1206 1787 γε
1238 1737 1360 1780 ζῶνθ’
1391 1737 1544 1779 ἕλωσιν
1573 1737 1619 1779 ἐν
1648 1737 1775 1791 μάχῃ.

486 1809 593 1846 Med.
620 1811 721 1846 1141
784 1808 901 1848 κυνεῑ
927 1809 962 1846 δ’
983 1806 1006 1847 ὃ
1029 1806 1117 1856 μέν
1138 1820 1212 1856 τις
1236 1804 1350 1857 χεῖρ’,
1368 1805 1391 1847 ὁ
1413 1807 1459 1847 δὲ
1477 1806 1633 1847 Ξανθὸν
1655 1805 1776 1857 κάρα.

258 1898 388 1933 Huius
419 1904 555 1934 autem
587 1911 680 1935 usus
713 1898 992 1936 tenacissimus
1035 1904 1094 1935 est
1129 1898 1362 1946 Aeschylus,
1396 1898 1587 1947 quoniam
1618 1898 1656 1934 in
1686 1910 1775 1946 sep-

261 1970 341 2000 tem
374 1966 589 2014 tragoediis
611 1967 761 2014 septies
793 1972 949 2002 tantum
972 1965 1294 2014 monosyllabum
1327 1966 1447 2001 breve
1478 1965 1654 2009 admisit,
1685 1977 1776 2002 nus-

259 2043 377 2079 quam
409 2032 447 2068 in
481 2032 621 2077 Persis,
649 2033 709 2069 bis
737 2033 775 2069 in
798 2032 1063 2081 Supplicffius,
1098 2032 1260 2081 singulis
1292 2032 1388 2068 locis
1420 2032 1460 2068 in
1491 2032 1598 2080 Sept.
1631 2033 1773 2079 Agam.

260 2098 441 2147 Choeph.
466 2100 633 2137 Eumen.
658 2100 800 2149 Prom,
835 2100 866 2137 si
901 2101 1075 2148 quidem,
1107 2100 1218 2148 quod
1240 2111 1322 2136 non
1355 2099 1511 2141 dubito,
1543 2099 1673 2136 Prom.
1699 2100 1776 2136 973

259 2166 514 2203 scribendum
547 2173 626 2205 est:
658 2164 681 2215 ἦ
715 2164 818 2215 κάμὲ
850 2163 931 2215 γάρ
960 2179 997 2205 τι
1029 2166 1250 2216 Ξυμφορᾶς
1282 2161 1434 2216 (συμφ-
1469 2164 1528 2213 Μ)
1561 2163 1746 2216 ἐπαιτιᾷ;

390 2233 676 2282 Neglegentior
697 2234 934 2284 Sophocles;
968 2240 1148 2271 attamen
1180 2235 1222 2270 id
1244 2233 1384 2270 mirum
1406 2239 1468 2270 est
1489 2233 1601 2281 quod
1622 2233 1662 2268 in
1685 2232 1776 2268 Phi-

259 2299 418 2343 loctete,
461 2301 571 2338 cuius
618 2313 803 2339 numeros
847 2302 1052 2349 ceteroqui
1092 2301 1262 2338 laxiores
1302 2312 1390 2337 esse
1436 2304 1609 2349 constat,
1647 2300 1776 2347 legem

260 2378 381 2414 quam
419 2369 540 2404 statui
580 2369 717 2416 viginti
753 2369 849 2405 locis
887 2375 1051 2405 secutus
1090 2368 1211 2404 semel
1247 2367 1440 2414 migravit.
1506 2366 1640 2403 Simile
1679 2366 1776 2414 quid

260 2433 441 2482 Euripidi
473 2441 612 2471 nostro
641 2436 839 2472 accidisse
870 2436 1005 2472 statim
1036 2435 1271 2472 videbimus.
1332 2435 1369 2470 Is
1401 2434 1507 2470 euim
1529 2445 1618 2470 cum
1649 2433 1689 2469 in
1722 2433 1778 2469 fa-

261 2499 361 2536 bulis
394 2501 683 2549 antiquioribus
714 2502 875 2539 minime
916 2514 1098 2539 severum
1137 2502 1177 2538 in
1207 2502 1273 2538 illa
1305 2513 1346 2538 re
1378 2513 1466 2539 sese
1496 2500 1776 2550 praestitisset,

393 2702 405 2725 ¹
431 2705 557 2737 Bacch.
576 2717 624 2738 vs.
644 2706 743 2739 1326.
766 2724 809 2730 —
836 2702 886 2737 in'
902 2706 1056 2737 editione
1084 2705 1205 2737 Aiacis
1232 2715 1264 2748 p.
1280 2704 1322 2737 (31
1351 2709 1422 2737 not.

392 2761 406 2784 2
432 2764 519 2795 (lave
544 2764 644 2796 etiam
669 2776 710 2796 ne
736 2766 771 2796 in
797 2765 839 2806 γε’
865 2765 1017 2797 haereas.
1069 2766 1165 2806 Quae
1197 2763 1357 2806 particula
1391 2764 1607 2795 adfirmativa
1640 2768 1702 2806 est,
1742 2767 1778 2794 ut

261 2823 327 2854 sere
354 2823 389 2853 in
416 2823 715 2865 responsionibus,
742 2835 812 2855 non
839 2825 881 2855 ad
911 2827 978 2857 σοῦ
1007 2823 1282 2864 exaggerandum
1308 2822 1451 2855 adscita.

392 2878 406 2901 3
432 2881 661 2913 elevationem
690 2882 778 2925 dico,
805 2893 908 2924 quam
936 2883 1045 2914 nostri
1072 2881 1207 2913 metrici
1233 2881 1323 2912 arsin
1351 2886 1483 2915 vocant.

394 2937 408 2960 4
433 2939 631 2972 Kirchhosfi
659 2941 800 2974 numeri.
