2006 3327
908 193 950 228 21

306 310 387 352 ΟΡ.
431 309 613 360 Ἀτρέως
643 309 834 350 Θυέστου
864 307 897 349 τ’
932 308 1058 350 οἶσθα
1089 309 1322 359 γενομένην
1354 307 1458 359 ἕρινς

321 377 384 418 ΙΦ.
430 375 609 427 ἤκουσα,
639 379 801 426 χρυσῆς
831 375 961 425 ἀρνὸς
992 375 1095 425 ἡνίκ’
1126 374 1178 425 ἦν
1209 375 1313 425 πέρι.

173 448 366 485 Ultimum
402 456 559 482 versum
597 456 687 481 cum
726 445 813 482 labe
846 445 1038 481 infectum
1077 452 1294 481 vocassent
1325 445 1479 481 iudices
1518 444 1693 492 integer-

173 515 258 551 rimi
280 513 520 560 Markhandi,
553 512 733 554 Porsoni‚
764 525 871 549 nunc
902 513 1037 549 omnia
1067 519 1177 549 recte
1200 519 1305 548 stare
1329 512 1553 549 Schoenius
1575 511 1694 548 evicit

174 581 326 619 Troad.
359 593 394 616 v.
429 581 479 618 69
503 592 561 628 sq.
590 580 765 618 collatis:

318 646 403 686 ΑΘ.
436 643 514 686 οὐκ
545 643 652 686 οἶσθ’
687 643 962 696 ὑβρισθεῖσάν
994 658 1042 694 με
1073 644 1140 685 καὶ
1171 644 1304 695 ναοὺς
1336 643 1487 694 ἐμούς;

302 713 392 754 ΠΟ.
435 710 527 765 οἶδ’,
558 711 662 761 ἡνίκ’
693 711 796 762 Αἴας
828 711 938 753 εἷλκε
972 711 1224 762 Κασάνδραν
1257 711 1337 764 βίᾳ.

173 784 324 820 Verum
355 781 462 818 enim
495 793 587 818 vero
619 782 841 819 rectissime
867 782 1030 830 quidem
1059 782 1221 818 dicitur:
1251 774 1364 817 ‘Scio
1389 787 1428 818 te
1449 781 1694 817 contumelia

172 862 262 888 esse
292 849 509 895 adfectam,
543 860 635 885 cum
665 849 767 885 Aiax
797 848 1049 886 Casandram
1079 845 1270 897 raperet'‚
1305 848 1497 897 quoniam
1527 848 1693 884 diversis

171 916 365 954 orationis
394 915 585 952 membris
613 916 771 953 diversa
802 917 1081 964 enuntiantur3
1114 923 1156 952 at
1185 916 1346 952 minime
1375 922 1502 953 recte:
1531 911 1695 951 ‘Audivi

171 984 285 1022 Atrei
306 990 348 1020 et
373 983 563 1031 Thyestis
584 983 709 1019 rixam
731 983 933 1020 exstitisse
964 1003 1019 1008 --
1049 984 1091 1020 id
1121 983 1228 1023 enim
1259 983 1531 1032 supplendum
1562 988 1623 1018 est
1643 1002 1691 1007 ——

173 1065 263 1089 cum
295 1052 348 1087 de
388 1062 510 1087 aureo
547 1050 672 1087 ariete
704 1047 822 1100 (rixa)
856 1042 998 1088 esset³.
1062 1051 1154 1087 Hoc
1191 1057 1251 1087 est
1287 1051 1346 1087 bis
1387 1051 1497 1087 idem
1534 1050 1694 1094 dicere;

173 1120 294 1156 immo
316 1119 416 1156 haec
436 1118 674 1154 insanientis
696 1118 828 1156 verba.
889 1117 992 1154 Nam
1024 1118 1106 1154 fieri
1136 1118 1286 1166 nequit,
1319 1119 1430 1167 quod
1461 1124 1535 1156 est.
1583 1116 1697 1162 Quo-

175 1187 279 1223 circa
312 1186 398 1222 iure
429 1185 596 1221 Porsoni
625 1185 818 1221 iudicium
850 1186 1039 1234 amplecti
1069 1185 1163 1221 mihi
1199 1185 1346 1230 videor,
1378 1185 1453 1222 nisi
1476 1185 1587 1233 quod
1615 1196 1695 1221 una

173 1254 302 1291 littera
335 1252 584 1301 transposita
616 1264 773 1288 versum
802 1253 932 1289 sanari
963 1252 1228 1288 crediderim:

436 1316 623 1366 ἤκουσα·
655 1319 818 1367 χρυσῆς
850 1315 981 1367 ἀρνὸς
1010 1316 1068 1367 ἦν
1099 1316 1239 1366 νείκη
1272 1316 1378 1366 πέρι.

175 1389 271 1435 Iam,
307 1389 466 1438 opinor,
497 1386 704 1434 intelleges
738 1398 806 1422 cur
837 1386 1000 1423 Orestes
1033 1398 1224 1435 quaerere
1256 1392 1412 1434 pergat:

249 1452 364 1494 ταῦτ’
389 1451 489 1506 (scil.
512 1453 564 1494 τὰ
584 1452 717 1505 νείκη)
740 1452 818 1495 οὖν
839 1452 1026 1504 ὑφήνασ’
1052 1452 1159 1494 οἶσθ’
1184 1453 1230 1494 ἐν
1253 1451 1451 1502 εὐπήνοις
1475 1450 1624 1502 ὑφαῑς;

175 1523 300 1570 Quod
333 1535 345 1562 ι
375 1524 416 1560 in
447 1534 482 1562 ει
513 1524 622 1560 abire
648 1524 758 1567 iussi,
791 1536 910 1560 nemo
932 1525 1077 1560 doctus
1099 1523 1337 1568 morabitur3
1370 1533 1474 1570 quae
1497 1521 1695 1557 litterulae

175 1596 218 1626 ut
246 1598 443 1640 perpetuo
475 1591 821 1628 confunderentur
854 1603 927 1628 nec
957 1603 1036 1627 non
1070 1602 1104 1629 ει
1136 1598 1176 1626 et
1204 1602 1242 1637 η,
1276 1597 1351 1627 [ct
1372 1600 1409 1636 η,
1441 1595 1695 1636 posterorum

175 1657 349 1695 elocutio
382 1658 529 1697 effecit.
590 1658 710 1707 Soph.
742 1659 801 1697 Αἰ.
832 1660 910 1696 946
944 1670 1035 1695 cum
1063 1670 1083 1695 e
1115 1658 1320 1694 codicibus
1350 1657 1491 1692 edatur

438 1721 544 1774 ὤμοι
575 1722 828 1773 ἀναλγήτων
1206 1725 1209 1728 ⁴

440 1792 603 1831 δισσῶν
634 1790 849 1841 ἐθρόησας
881 1789 1028 1831 ἄναυδ’

439 1856 524 1908 ἔργ’
559 1857 775 1909 Ἀτρειδᾶν
805 1857 903 1911 τῷδ’
936 1856 1039 1907 ἄχει,

172 1939 253 1963 non
283 1939 361 1975 ego
397 1938 484 1964 sum
504 1934 585 1964 tam
607 1928 768 1976 sapiens
790 1927 855 1975 qui
878 1927 1085 1975 quomodo
1108 1938 1199 1962 esse
1222 1927 1351 1975 possit
1371 1926 1618 1973 intellegam,
1654 1930 1697 1960 ut

172 1989 276 2042 ἄχει,
299 1994 421 2030 animi
439 1995 598 2045 affectu,
621 1996 724 2032 mala
743 1995 923 2031 facinora
940 1994 1262 2043 pronuntientur.
1309 1993 1466 2030 Idcirco
1483 1991 1698 2040 temptavi:

437 2059 542 2110 ὤμοι
574 2058 824 2110 ἀναλγήτων

436 2129 600 2168 δισσῶν
630 2127 845 2177 ἐθρόησας
877 2125 1026 2168 ἄναυδ’

434 2192 520 2245 ἔργ’
552 2186 785 2246 Ἀτρειδᾶν,
816 2193 914 2248 τῷδ’
948 2192 1169 2245 (praesenti
1201 2195 1391 2243 Eurysaci
1410 2191 1442 2244 ¹)
1475 2191 1596 2242 ἄχη.

173 2264 282 2315 τῷδε
321 2263 519 2300 librarium
557 2264 598 2300 in
638 2275 811 2300 errorem
850 2264 1029 2300 abduxit.
1099 2263 1180 2299 Sed
1212 2274 1447 2310 comparare
1479 2262 1570 2299 licet
1601 2262 1696 2298 Eur.

172 2329 324 2368 Phoen.
354 2343 389 2368 v,
423 2332 527 2369 1043
551 2342 609 2380 sq.
641 2327 782 2382 χρόνῳ
812 2326 846 2369 δ’
879 2327 955 2379 ἔβα
978 2350 1026 2355 -
1053 2326 1256 2377 Οἰδίπους
1286 2326 1310 2367 ὁ
1339 2326 1509 2376 τλάμων
1530 2350 1583 2353 -
1605 2327 1694 2368 τότ’

171 2393 388 2446 ἀσμένοις,
417 2394 542 2437 πάλιν
574 2394 611 2436 δ’
643 2394 736 2446 ἄχη,
781 2398 908 2434 multo
939 2398 1135 2434 audacius
1168 2397 1332 2440 dictum,
1374 2408 1454 2445 quo
1485 2397 1576 2433 loco
1608 2409 1695 2433 mu-

173 2465 280 2502 nitus
310 2464 623 2502 Wilamovitzius
654 2465 748 2504 Eur.
780 2465 898 2503 Herc.
932 2466 1004 2504 fur.
1040 2467 1166 2502 14:22:

372 2529 462 2571 ἀλλ’
495 2529 703 2580 εἰσκόμιζε
736 2529 874 2579 τέκνα,
907 2529 1033 2579 πατρὶ
1065 2528 1312 2579 δυσκόμιστ’
1346 2528 1455 2580 ἄχη

174 2599 357 2649 restituit,
388 2600 494 2636 libris
526 2596 793 2648 δυσκόμιστα
821 2600 874 2646 γῆ
906 2600 1271 2648 suppeditantibus.
1333 2598 1452 2636 Unde
1483 2598 1608 2635 etiam
1640 2598 1698 2635 fa-

175 2667 285 2704 cilius
317 2667 389 2705 sit:

372 2730 462 2772 ἀλλ’
495 2731 703 2783 εἰσκόμιζε
733 2731 874 2778 τέκνα,
906 2731 1031 2782 πατρὶ
1062 2728 1308 2782 δυσκόμιστ’
1340 2729 1460 2781 ἄγη.

306 2883 320 2906 1
346 2885 388 2917 cs.
408 2885 520 2923 verba,
549 2895 635 2926 quae
652 2886 873 2926 praecedunt
913 2885 996 2915 Sunt
1012 2885 1236 2917 Tecmessae:
1267 2884 1376 2927 οἴμοι,
1403 2884 1578 2928 τέκνον,
1604 2884 1697 2927 πρὸς

175 2942 236 2978 οἷα
263 2942 432 2984 δουλείας
457 2943 549 2985 ζυγὰ
575 2946 778 2986 χιυροῦμεν.
