2006 3327
1020 185 1063 221 1³

291 308 466 355 codices,
506 307 544 345 in
583 306 725 356 quibus
759 310 965 342 exaratum
996 306 1064 341 sit:
1109 303 1239 343 αὐτοῦ
1280 303 1326 344 δὲ
1365 300 1516 354 βαίνων
1559 308 1633 343 etc.
1693 302 1795 343 Tec-

292 388 425 413 messa
446 375 671 424 Sophoclea
702 379 916 421 postquam
939 373 1103 409 Aiacem
1134 384 1155 407 e
1188 373 1317 410 furore
1344 374 1486 409 misere
1517 373 1796 409 resuscitatum

289 445 390 480 intra
421 443 587 479 arietum
620 441 818 476 cadavera
849 438 1114 475 concubuisse
1147 440 1330 483 narravit,
1377 452 1410 476 v,
1435 441 1510 477 311
1545 439 1692 487 pergit:
1730 436 1797 476 καὶ

288 508 363 548 τὸν
395 508 468 557 μὲν
499 505 606 554 ἧστο
638 506 841 544 πλεῖστον
880 502 1102 553 ἄφθογγος
1141 502 1309 554 χρόνον,
1354 506 1420 542 ubi
1464 518 1553 542 cum
1594 506 1797 542 articulum

290 576 394 613 male
426 588 447 612 a
478 574 650 619 nomine,
688 584 768 621 quo
800 572 982 620 pertinet,
1017 570 1214 607 divulsum
1245 583 1334 608 esse
1362 573 1565 622 sensisset,
1595 572 1797 608 Nauckius

289 641 355 680 καὶ
390 639 484 680 τότε
517 639 590 687 μὲν
617 636 725 687 ἧστο
754 639 951 686 corrigere
984 638 1120 680 voluit,
1152 649 1228 685 ego
1261 639 1312 673 de
1343 635 1420 677 κάκ
1450 638 1526 677 τοῦ
1559 637 1632 686 μὲν
1662 635 1798 686 ἧστο1

290 710 533 758 cogitabam,
579 719 682 754 quae
725 706 920 753 scriptura
961 711 999 739 et
1037 704 1263 740 sententiae
1301 705 1497 741 satisfacit
1537 712 1577 741 et
1614 705 1798 742 facillime

291 776 488 823 eorrumpi
519 774 662 822 potuit.
723 773 813 808 Hoc
846 772 951 807 enim
980 778 1129 807 certum
1161 777 1222 807 est
1253 771 1364 816 crasi,
1396 783 1497 819 quae
1528 773 1682 819 dicitur,
1712 785 1799 821 per-

291 855 401 878 verse
444 841 646 877 intellecta
683 839 871 888 plurimas
903 837 1148 886 corruptelas
1186 837 1225 873 in
1264 837 1368 873 libris
1399 838 1566 875 Graecis
1605 839 1798 886 originem

291 910 464 946 (luxisse.
524 907 585 944 Ne
617 907 750 943 desint
781 906 975 953 exempla,
1008 905 1128 953 Soph.
1166 905 1224 942 El.
1258 916 1312 941 vs.
1348 906 1426 942 150
1459 916 1514 953 sq.

486 972 534 1012 ἰὼ
571 973 816 1019 παντλᾶμον
849 970 991 1020 Νιόβα.
1024 970 1072 1008 σε
1107 967 1140 1009 δ’
1175 968 1305 1016 ἔγωγε
1337 969 1448 1017 νέμω
1480 969 1590 1017 Θεόν,

487 1038 549 1079 ἅτ’
583 1040 627 1079 ἐν
658 1038 781 1090 τάφῳ
813 1038 996 1089 πετραίῳ

487 1105 574 1145 αἰαῖ
605 1104 809 1155 δακρύεις,

294 1176 492 1224 siquidem
525 1172 597 1212 ἅτε
627 1174 787 1210 tolerari
818 1173 969 1221 nequit,
1001 1183 1185 1220 propono

489 1240 553 1280 ἃ”’ν
583 1238 705 1292 τάφῳ
736 1238 917 1290 πετραίῳ

489 1306 576 1347 αἰαῖ
604 1307 810 1356 δακρύεις.

295 1379 405 1426 quod
436 1377 543 1413 enim
574 1377 613 1412 in
644 1375 808 1423 stropha
839 1372 933 1413 ἐᾶτε
962 1371 997 1421 μ’
1023 1370 1096 1412 ὧδ’
1120 1370 1264 1412 ἀλύειν
1286 1379 1430 1418 exstat,
1465 1385 1544 1410 non
1567 1374 1684 1410 video
1707 1374 1803 1422 quid

293 1445 503 1493 prohibeat
533 1443 748 1491 quominus
780 1439 875 1479 έᾶτε
904 1442 942 1477 in
974 1441 1140 1489 synizesi
1163 1441 1479 1490 prom1ntiemu3‚
1509 1447 1551 1476 ut
1573 1440 1721 1477 factum
1743 1447 1804 1476 est

295 1511 437 1548 Tmoli.
465 1512 569 1548 1005
586 1507 613 1547 ².
673 1509 808 1545 Tenes
839 1509 956 1556 igitur
988 1508 1122 1544 vitium
1155 1519 1175 1542 e
1206 1519 1354 1555 genere
1385 1519 1537 1550 eorum,
1569 1508 1686 1555 quale
1707 1507 1802 1543 Mei-

294 1579 434 1614 nekius
464 1590 511 1613 ex
534 1577 704 1613 Hecuba
726 1576 944 1624 Euripidea
973 1576 1133 1623 expulit,
1181 1587 1271 1611 cum
1302 1587 1335 1613 v,
1360 1574 1408 1611 80
1439 1571 1600 1622 ἄγκυρά
1625 1570 1659 1611 τ’
1692 1571 1803 1622 ἐμῶν

295 1647 332 1681 in
365 1641 507 1692 ἄγκυρ’
541 1641 659 1691 ἀμῶν
689 1649 873 1687 mutaret,
913 1650 952 1678 et
984 1641 1251 1678 Kirchhoffius
1283 1653 1304 1678 e
1338 1641 1484 1679 Bacch.
1531 1652 1645 1677 versu
1686 1641 1804 1690 1257,

295 1726 383 1750 cum
416 1724 486 1762 pro
519 1709 588 1749 σοί
617 1707 650 1748 τ’
684 1708 799 1748 ἐστιν
829 1716 1045 1757 reponeret
1075 1706 1254 1747 σούστίν
1272 1705 1297 1747 3.
1356 1707 1446 1744 Hoc
1469 1713 1604 1744 autem
1624 1707 1723 1743 illud
1745 1712 1806 1742 est

295 1794 363 1816 eur
393 1779 607 1829 NauckiuS,
639 1779 733 1814 dum
763 1778 803 1813 in
833 1777 974 1813 ceteris
1007 1776 1275 1824 Hartungium
1307 1783 1467 1812 secutus
1509 1776 1654 1811 rectius
1685 1774 1807 1810 inter-

297 1848 516 1896 pungendo
547 1857 700 1881 versum
724 1844 828 1893 Cycl.
867 1845 942 1882 145
966 1850 1165 1892 persanat,
1198 1850 1330 1880 tamen
1362 1844 1485 1879 edere
1507 1842 1710 1879 debuerit:
1744 1836 1808 1878 ὅδ’

298 1912 322 1952 ἁ
341 1923 403 1952 oi<
423 1912 444 1951 ό
463 1926 495 1962 ς,
527 1911 575 1961 ὃς
607 1911 742 1950 κεύθει
773 1923 849 1949 νιν.
902 1908 1086 1961 εἰσορᾷς,
1117 1908 1265 1958 γέρον;
1298 1911 1487 1958 quoniam
1509 1910 1611 1946 ratio
1631 1908 1808 1957 postulat

297 1988 340 2017 ut
370 1982 473 2017 inter
505 1977 567 2018 ὅδ’
600 1976 733 2026 ἀσκός
764 1985 804 2015 et
836 1976 900 2016 ὅδ’
932 1975 1066 2025 ἀσκός
1103 1978 1211 2013 idem
1243 1977 1457 2014 discrimen
1488 1976 1568 2020 fiat,
1605 1975 1717 2025 quod
1747 1980 1808 2010 est

297 2049 398 2084 inter
428 2043 490 2085 ὅδ’
526 2043 630 2094 ἀνήρ
662 2043 748 2082 ‘hic
779 2042 915 2081 homo‘
963 2052 1001 2080 et
1033 2040 1094 2083 ὅδ’
1127 2042 1232 2092 ἁνήρ
1271 2037 1391 2080 ‘ecce
1422 2037 1577 2079 homo'.
1638 2041 1808 2078 Concla-

297 2120 425 2151 matns
455 2120 516 2150 est
549 2114 729 2150 eiusdem
761 2111 945 2160 Cyclopis
978 2125 1012 2150 v,
1047 2112 1124 2149 288

355 2179 407 2229 μὴ
440 2181 539 2232 τλῇς
569 2178 676 2228 πρὸς
709 2176 840 2226 ἄντρα
871 2176 978 2226 σοὺς
1011 2175 1273 2227 ἀφιγμένους
1305 2176 1451 2226 ξένους
1477 2175 1482 2225 Ι
1511 2176 1678 2215 κτανεῖν

300 2250 373 2285 sed
402 2260 533 2296 neque
565 2260 653 2284 cun]
685 2246 968 2283 Heimsoethio
1000 2243 1107 2294 πρὸς
1139 2242 1270 2293 ἄντρα
1291 2246 1330 2280 in
1360 2242 1469 2293 πρὸς
1501 2241 1643 2291 Οἴκους
1674 2254 1809 2280 emen-

300 2316 396 2351 dare
427 2316 558 2363 placet
582 2326 714 2362 neque
746 2319 814 2350 aut
839 2313 1057 2349 Hermanni
1079 2319 1345 2348 commentum
1377 2309 1486 2359 πρὸς
1509 2308 1641 2358 ἄντρα
1671 2308 1722 2347 τὰ
1753 2307 1809 2347 σά

301 2381 338 2428 γ’
361 2389 429 2418 aut
451 2381 652 2429 Hartungi
675 2379 782 2428 πρὸς
816 2377 946 2427 ἄντρα
979 2378 1034 2417 σὰ
1065 2376 1156 2417 τάδ’
1188 2386 1255 2416 aut
1287 2378 1506 2415 Weckleini
1538 2376 1646 2426 πρὸς
1679 2374 1810 2424 ἄντρα

301 2450 382 2487 σοῦ
414 2447 452 2495 γ’
483 2454 552 2485 aut
582 2448 626 2486 F.
661 2448 710 2485 G.
745 2447 939 2484 Schmidti
975 2444 1083 2494 πρὸς
1116 2442 1248 2493 ἄντρα
1279 2441 1318 2483 σ’
1351 2442 1681 2493 εἰσαφιγμένους
1717 2444 1811 2480 mihi

304 2517 483 2559 anticlea
516 2527 608 2551 nam
640 2515 671 2550 si
702 2514 799 2562 quid
830 2514 947 2550 video
977 2525 1029 2548 ne
1061 2513 1233 2548 litterula
1263 2513 1426 2560 quidem
1467 2517 1713 2549 commutata
1746 2523 1811 2547 ve-

301 2595 387 2619 rum
419 2587 691 2630 recuperatur:
724 2579 775 2628 μὴ
807 2580 908 2630 τλῇς
938 2577 1046 2627 πρὸς
1068 2575 1200 2627 ἄντρα
1231 2575 1610 2627 σούσαφιγμένους
1632 2576 1781 2626 ξένους
1810 2574 1814 2627 1

436 2746 448 2769 ¹
475 2749 575 2779 Hanc
605 2748 834 2779 coniecturam
862 2752 987 2777 temere
1012 2756 1028 2777 a
1048 2756 1099 2776 me
1118 2744 1278 2787 prolatam
1306 2755 1383 2776 esse
1408 2755 1497 2776 nunc
1522 2743 1700 2783 intellego.
1727 2743 1813 2776 καύ-

303 2809 370 2839 τοῦ
399 2807 463 2847 μὲν
490 2807 595 2837 suas-it
624 2807 771 2837 Usener.

435 2863 450 2885 2
475 2865 515 2898 cf.
543 2865 643 2895 Baier
669 2875 700 2906 p.
719 2863 774 2895 415.

436 2920 450 2943 3
474 2923 516 2954 cf.
545 2922 711 2963 Aeschyl.
738 2922 852 2953 Prom.
882 2921 981 2958 1070,
1007 2922 1066 2953 ubi
1092 2921 1146 2954 ἅτ’
1173 2921 1246 2962 ἐγώ
1272 2921 1320 2962 M,
1347 2919 1426 2960 ἁγὼ
1453 2926 1544 2952 recte
1569 2922 1758 2952 Porsonus.

1558 3063 1581 3080 ’θ
