2006 3327
780 718 1001 767 VITA

278 920 475 956 Martinus
513 920 743 957 Ludovicus
782 920 1086 957 Radermacher
1130 927 1248 957 natus
1296 932 1383 957 sum
1429 921 1467 956 in
1512 921 1665 968 oppido

147 987 345 1024 Rhenano
384 988 545 1024 nomine
583 984 817 1036 ‘Siegburg'
850 1000 885 1025 a.
918 988 954 1026 h.
988 1000 1016 1025 S.
1046 987 1197 1024 LXVII
1236 987 1302 1024 die
1337 980 1475 1023 XXXI
1513 987 1662 1023 mensis

145 1054 332 1092 Octobris
365 1061 479 1102 patre
510 1055 641 1102 Petro,
673 1062 800 1091 matre
828 1055 1050 1092 Katharina
1082 1055 1135 1091 de
1171 1060 1293 1102 gente
1318 1055 1447 1102 Mohr,
1480 1055 1656 1102 utrisque

147 1122 281 1159 adhuc
311 1122 604 1170 superstitibus.
661 1124 781 1159 fidem
811 1123 1002 1171 profiteor
1036 1122 1288 1160 catholicam.
1349 1134 1456 1158 anno
1489 1120 1662 1157 LXXVI

146 1189 417 1237 progymnasii
449 1190 556 1226 urbis
587 1191 740 1238 patriae
771 1190 993 1238 discipulus
1023 1190 1166 1240 factus7
1198 1201 1289 1225 vere
1325 1190 1417 1226 anni
1448 1187 1666 1225 LXXXIV

147 1255 360 1293 Coloniam
391 1257 653 1304 Agrippinam
685 1257 914 1305 demigravi,
946 1257 1013 1293 ubi
1044 1257 1084 1292 in
1114 1256 1336 1304 gymnasio,
1375 1257 1485 1304 quod
1518 1261 1580 1291 est
1611 1256 1665 1291 ad

147 1322 437 1370 Apostolorum
468 1323 691 1371 ecclesiam,
729 1324 968 1360 maturitatis
999 1323 1272 1359 testimonium
1302 1329 1544 1359 consecutus
1576 1334 1664 1358 sum

146 1401 253 1426 anno
286 1389 517 1426 LXXXVI.
576 1390 695 1433 Hinc,
728 1391 871 1426 studiis
902 1390 1118 1438 philologis
1151 1401 1315 1438 operam
1345 1395 1576 1436 navaturus,
1609 1389 1666 1425 al-

147 1468 255 1492 mam
283 1462 454 1493 matrem
486 1456 744 1493 Bonnensem
776 1457 909 1504 petivi,
949 1457 1060 1493 cuius
1093 1456 1188 1492 civis
1220 1457 1422 1504 permansi
1452 1468 1581 1505 usque
1612 1457 1666 1492 ad

149 1523 250 1560 haec
278 1529 472 1571 tempora.
533 1523 768 1560 Docuerunt
797 1535 861 1560 me
894 1524 962 1559 viri
993 1523 1217 1560 clarissimi:
1251 1523 1459 1572 Aufrecht,
1493 1523 1664 1569 Bender,

148 1590 381 1634 Buecheler,
412 1590 583 1639 Franck,
616 1591 748 1634 Klein,
790 1591 1039 1637 Loescthze,
1084 1590 1300 1637 Luebbert‚
1342 1590 1513 1639 Memmi,
1558 1590 1666 1626 Neu-

146 1657 327 1700 haeuser,
377 1656 544 1703 Usener,
597 1657 830 1696 Wilmanns.
909 1658 1154 1701 Buecheleri‚
1206 1657 1438 1705 Luebberti,
1492 1656 1668 1694 Useneri

146 1725 312 1773 egregia
344 1725 628 1761 benevolentia
664 1725 813 1762 factum
845 1731 920 1769 est,
959 1731 1002 1761 ut
1031 1726 1071 1761 in
1104 1724 1361 1761 seminarium
1392 1724 1545 1772 regium
1577 1724 1665 1772 phi-

148 1792 372 1839 lologorum
404 1791 620 1828 Bonnense
652 1792 859 1840 reciperer,
896 1791 1006 1828 cuius
1038 1803 1110 1839 per
1139 1791 1214 1828 tria
1243 1792 1480 1829 semenstria
1511 1791 1662 1828 sodalis

147 1858 211 1904 fui,
258 1858 395 1896 ultimo
439 1859 582 1896 senior.
650 1859 764 1895 Idem
805 1870 875 1907 per
911 1864 1054 1907 quater
1094 1869 1214 1895 senos
1259 1869 1419 1894 menses
1464 1857 1666 1895 seminarii

145 1926 365 1973 germanici
396 1925 594 1963 Franckio
625 1932 665 1962 et
696 1926 958 1963 Wilmannsio
989 1925 1297 1962 moderantibus
1336 1924 1485 1961 sodalis
1518 1924 1571 1960 fui
1604 1935 1668 1960 or-

148 1993 336 2031 dinarius,
405 1992 595 2040 Denique
626 1993 981 2030 exercitationibus
1012 1991 1127 2029 Oscis
1157 1997 1198 2028 et
1229 1991 1426 2028 Umbricis
1466 1996 1510 2027 ut
1546 1991 1668 2027 inter-

145 2070 286 2103 essem,
318 2059 494 2107 benigne
524 2059 746 2096 Buecheler
776 2060 969 2108 permisit.
1029 2058 1227 2096 Omnibus
1259 2065 1394 2094 autem
1424 2062 1667 2106 praecepto-

146 2126 254 2162 ribus
299 2126 450 2173 gratias
495 2126 628 2163 habeo
670 2128 876 2164 maximas.
962 2126 1164 2163 Soclalitas
1207 2125 1413 2174 philologa
1445 2123 1667 2161 Bonnensis

145 2189 373 2230 ‘Klassisch
402 2193 714 2241 philologiseher
744 2184 913 2230 Verein'
952 2194 992 2229 in
1033 2193 1280 2230 carissimum
1322 2191 1559 2229 sodalicium
1601 2202 1665 2227 me

146 2259 299 2306 recepit
329 2271 365 2297 a.
398 2259 660 2299 LXXXVIII.
