2006 3327
926 169 972 204 33

190 293 264 330 lius
302 303 366 329 me
396 302 486 327 esse
528 289 821 326 intellecturum
863 288 1185 337 interpunctione
1227 286 1441 335 paullulum
1481 286 1702 335 immutata,

188 359 296 397 hunc
329 359 369 396 in
398 358 583 394 modurn:

388 422 632 473 σπεύδομεν
663 421 746 463 αἵδ’
778 421 951 473 ἀφελεῖν
982 433 1075 462 τινα
1105 419 1237 461 τάσδε
1270 419 1495 470 μερίμνας·

386 491 495 531 Θεῶν
525 487 560 530 δ’
593 490 693 537 (scil.
725 488 851 539 ἔστιν,
893 492 945 527 de
975 501 1056 538 quo
1087 490 1236 526 omisso
1268 489 1316 525 cf.
1350 488 1442 527 Eur.
1473 489 1560 526 Alc.
1591 485 1704 538 832),

1207 552 1400 595 ἀτέλειαν
1430 552 1569 603 ἐμαῖσι

516 625 647 673 λιταῖς
680 622 933 674 ἐπικραίνειν

385 691 479 742 μηδ’
510 690 571 742 εἰς
603 690 794 741 ἄγκρισιν
828 690 976 732 ἐλθεῖν.

189 762 338 799 Ultima
369 768 454 798 tum
485 761 728 809 significant:
771 761 870 797 deos
903 758 1022 809 (scito
1053 757 1155 807 τοὺς
1187 756 1425 807 νεωτέρους
1457 755 1602 806 Θεούς)
1633 759 1703 795 de-

188 836 252 866 cet
280 829 387 865 nulla
417 828 705 876 impedimenta
735 827 910 863 consiliis
950 826 1097 863 nostris
1135 832 1301 870 struere,
1332 831 1375 862 ut
1402 825 1618 862 scholiasta
1649 825 1704 862 in-

187 900 443 946 terpretatur:
475 891 648 942 εὔχομαι
681 892 809 941 (ubiP)
846 893 936 941 τοῖς
966 893 1081 942 θεοῖς
1116 891 1285 931 τελέσαι
1318 903 1397 940 μου
1428 889 1477 929 τὸ
1512 889 1703 941 βούλημα

187 961 254 1001 καὶ
275 960 328 1011 μὴ
352 959 411 1010 εἰς
429 958 565 1010 μάχην
587 972 654 1009 μοι
677 958 812 1000 ἐλθεῖν
831 958 856 998 1.
905 960 1091 998 Ceterum
1113 960 1301 1008 Sophocl.
1321 960 1379 998 Ai.
1398 971 1531 996 versus
1552 962 1628 997 11ss
1646 971 1703 1007 sq.

188 1031 274 1067 sine
305 1030 558 1066 dubitatione
590 1030 645 1065 sic
678 1029 881 1066 scribendi
913 1032 1046 1066 erant:
1190 1020 1191 1023 Ἰ

451 1095 577 1145 χωρῶ
607 1093 715 1144 πρὸς
746 1093 872 1144 ἔργον
901 1095 1054 1133 τοῦτο·
1101 1092 1172 1133 σοὶ
1202 1092 1237 1133 δ’
1270 1091 1439 1143 ἐφίεμαι

425 1159 616 1218 ,τοιάνδ’
649 1159 714 1201 ἀεί
747 1174 813 1210 μοι
845 1160 1069 1211 σύμμαχον
1101 1158 1377 1210 παρεστάναι.

188 1230 289 1268 Cum
328 1231 433 1267 enim
464 1231 504 1267 in
542 1231 646 1267 libris
685 1232 809 1279 χωρῶ
842 1228 950 1279 πρὸς
982 1227 1135 1278 ἔργον·
1185 1229 1313 1268 τοῦτο
1355 1227 1426 1268 σοὶ
1463 1227 1497 1268 δ’
1539 1227 1706 1279 ἐφίεμαι

186 1310 315 1347 prono
347 1309 479 1335 errore
501 1299 693 1335 traditum
716 1299 778 1342 sit,
812 1298 1022 1346 Bergkius:
1055 1296 1179 1346 χωρῶ
1211 1295 1320 1345 πρὸς
1351 1294 1508 1345 ἔργον·
1555 1295 1627 1336 σοὶ
1657 1296 1703 1336 δὲ

186 1361 298 1404 τοῦτ’
332 1362 512 1414 ἐφίεμαι,
544 1364 802 1402 Dindorfius:
841 1364 967 1413 χωρῶ
998 1362 1107 1412 πρὸς
1144 1361 1296 1412 ἔργον·
1345 1362 1415 1403 σοὶ
1452 1365 1488 1403 δ’
1522 1362 1702 1415 ἐφίεμαι,

187 1428 264 1471 θεά
296 1431 516 1475 coniecere,
548 1431 751 1468 Nauckius
783 1432 973 1480 denique,
1013 1437 1228 1480 utcumque
1265 1443 1314 1468 ea
1352 1443 1415 1468 res
1447 1444 1491 1469 se
1522 1431 1704 1479 haberet,

187 1500 324 1547 utique
357 1500 563 1535 edendum
594 1499 669 1535 sibi
707 1510 798 1535 esse
828 1499 1004 1546 putavit:
1046 1498 1171 1547 χωρῶ
1200 1496 1308 1546 πρὸς
1339 1495 1489 1546 ἔργον·
1539 1497 1701 1547 [τοῦτο]

186 1563 256 1604 σοὶ
292 1564 328 1604 δ’
360 1563 538 1615 ἐφίεμαι,
598 1565 725 1602 Vides
766 1571 900 1603 autem
929 1571 1124 1614 quantum
1156 1566 1357 1602 interdum
1390 1565 1587 1602 lucremur
1616 1566 1702 1603 sola

186 1632 509 1681 interpunctione
547 1639 709 1671 mutata.
768 1633 848 1670 Sed
888 1639 931 1670 ut
967 1634 1132 1670 redeam
1173 1634 1226 1670 ad
1257 1645 1317 1683 ea,
1358 1645 1462 1682 quae
1493 1635 1701 1682 proposita

187 1705 292 1744 su'nt,
325 1700 367 1736 fit
396 1701 613 1749 aliquando
643 1706 686 1738 ut
714 1698 798 1747 ἐγώ
829 1701 937 1737 iuxta
958 1697 1032 1739 ὅδε
1052 1706 1239 1749 ponatur,
1270 1701 1312 1737 id
1341 1702 1452 1748 quod
1483 1713 1701 1750 numquam

187 1767 414 1812 accidisset,
453 1767 485 1804 si
516 1768 683 1804 alterum
714 1768 872 1805 alterius
911 1767 1241 1816 significationem
1272 1773 1522 1816 occupasset.
1584 1768 1701 1806 Conf.

186 1835 307 1884 Soph.
339 1834 387 1873 O.
413 1835 461 1872 R.
480 1836 559 1873 968
590 1833 674 1882 ἐγὼ
695 1830 730 1873 δ’
766 1832 828 1873 ὅδ’
863 1832 1026 1879 ἐνθάδε,
1059 1835 1149 1872 Eur.
1184 1834 1375 1872 Androm.
1398 1836 1475 1873 501
1508 1832 1574 1874 ἅδ’
1605 1833 1704 1883 ἐγώ,

186 1901 328 1940 Helen.
361 1903 438 1940 528
471 1898 678 1951 ἥδ’-ἐγώ
708 1908 773 1941 ctt.
830 1902 1017 1939 Indidem
1056 1902 1289 1939 Herodotus
1319 1902 1337 1938 Ι
1377 1904 1452 1940 115
1485 1899 1520 1942 εἰ
1551 1900 1610 1943 ὧν
1650 1901 1699 1952 δὴ

185 1968 310 2008 τοῦδε
344 1965 504 2009 εἵνεκεν
535 1966 651 2017 ἄξιός
681 1980 752 2008 τευ
785 1969 915 2007 κακοῦ
945 1966 1035 2017 εἰμί,
1068 1966 1154 2007 ὅδε
1184 1980 1248 2007 τοι
1278 1965 1491 2019 πάρειμι,
1523 1976 1564 2007 at
1583 1970 1601 2007 Ι
1625 1972 1701 2008 108

185 2032 219 2074 ὦ
241 2035 428 2086 βασιλεῦ,
456 2033 554 2075 οὔτε
577 2033 730 2075 ἄλλοτέ
753 2048 810 2074 κω
833 2035 1032 2085 παρεῖδες
1065 2032 1219 2084 ἀνδρὶ
1248 2036 1380 2087 τῷδε
1408 2032 1532 2085 ἄχαρι
1561 2034 1700 2083 οὐδέν,

185 2102 364 2152 Antipho
395 2100 488 2151 περὶ
518 2103 594 2141 τοῦ
626 2103 832 2152 χορευτοῦ
856 2104 876 2148 ξ,
901 2105 922 2141 9
956 2100 1098 2151 οὐδεὶς
1129 2100 1301 2142 πώποτε
1330 2099 1422 2151 οἶός
1453 2114 1498 2142 τε
1531 2101 1701 2151 ἐγένετο

185 2167 469 2218 -ἐξελέγξαι
492 2167 720 2210 ἀδικοῦντα
751 2167 905 2210 τόνδε
936 2168 1029 2209 τὸν
1061 2167 1225 2219 ἄνδρα
1254 2168 1303 2209 τὸ
1333 2170 1496 2219 πλῆθος
1527 2169 1576 2210 τὸ
1607 2168 1703 2221 ὑμέ-

185 2248 324 2285 τερον.
383 2236 525 2287 Neque
556 2238 670 2275 aliter
702 2238 852 2286 tragici,
885 2239 1028 2287 quibus
1050 2239 1168 2286 vulgo
1189 2234 1296 2286 ἀνήρ
1318 2238 1608 2276 substantivum
1631 2240 1701 2276 ad-

187 2305 284 2340 dere
313 2305 442 2348 libuit,
475 2305 543 2342 ubi
573 2302 647 2345 ὅδε
678 2305 924 2354 pronominis
957 2306 1114 2343 casibus
1137 2305 1310 2354 obliquis
1340 2305 1418 2342 vim
1448 2307 1702 2354 personalem

189 2371 322 2408 inesse
356 2371 575 2412 voluerunt.
636 2372 770 2421 Atque
809 2373 1027 2421 Aeschylus
1071 2372 1234 2420 quidem
1274 2373 1450 2409 omnium
1490 2374 1703 2411 rarissume

186 2437 278 2475 huic
324 2439 411 2476 usui
457 2450 500 2476 se
545 2440 714 2485 addixit,
761 2441 871 2478 cuius
914 2452 1038 2477 unum
1081 2439 1177 2476 mihi
1215 2440 1432 2477 innotuerit
1475 2442 1703 2490 exemplum

187 2504 296 2554 Sept
327 2507 406 2544 634

383 2569 444 2622 ῶς
476 2569 622 2613 οὔποτ’
654 2570 776 2622 ἀνδρὶ
806 2575 916 2627 τῷδε
947 2571 1273 2623 κηρυκευμάτων
1301 2570 1307 2624 l
1333 2572 1488 2627 μέμψῃ.

186 2638 311 2677 Haud
340 2640 396 2676 ita
413 2652 578 2689 parcum
599 2640 821 2690 Sophocles
856 2653 898 2678 se
923 2642 1127 2690 praebuit:
1159 2641 1295 2678 Aiacis
1328 2654 1361 2680 v.
1385 2644 1435 2680 78
1466 2643 1575 2695 τῷδε
1606 2641 1702 2684 τάν-

187 2703 264 2755 δρί,
298 2719 331 2745 ν.
354 2706 432 2744 446
451 2704 468 2730 2
497 2704 656 2757 ἀνδρὸς
686 2704 799 2746 τοῦδ’
824 2706 875 2746 Ο.
897 2709 943 2746 R.
966 2709 1046 2747 534
1078 2708 1203 2753 τοῦδε
1235 2705 1431 2758 τάνδρός,
1464 2711 1543 2748 815
1573 2709 1700 2750 τοῦδέ

319 2854 332 2878 1
359 2856 455 2888 aliter
479 2857 665 2890 Wecklein
691 2858 726 2889 in
754 2858 911 2890 Orestiae
935 2858 1087 2890 editione
1114 2859 1256 2901 Lipsiae
1285 2859 1386 2893 1888.
1421 2871 1455 2902 p.
1482 2860 1563 2895 278.

316 2913 332 2937 2
356 2916 438 2948 haec
465 2917 620 2959 exempla
645 2917 845 2948 Ellendtius
871 2918 907 2949 in
937 2917 1050 2949 lexico
1078 2918 1273 2960 Sophocleo
1301 2930 1369 2950 non
1397 2920 1610 2953 memoravit.

1416 2977 1437 3010 3

339 3093 357 3103 Q
