2006 3327
1003 204 1046 238 16

268 320 429 367 quidem
459 325 522 356 est
551 331 600 355 ex
628 319 956 367 inscriptionibus
984 331 1238 357 communem
1266 325 1351 357 tum
1371 321 1562 370 temporis
1585 318 1629 370 ἐς
1663 322 1783 360 fuisse

266 388 518 435 scripturam;
558 392 597 422 at
628 386 666 422 in
703 386 845 422 iisdem
878 385 997 422 titulis
1032 383 1217 435 πρέσβες
1255 374 1360 437 ἕναι,
1401 385 1553 436 δώσεν,
1589 384 1775 437 ὀφείλεν,

265 467 384 502 porro
430 451 629 500 ἐλθόσαν,
678 449 931 491 ἐνοικόντων
976 452 1053 489 alia
1090 454 1276 503 reperies,
1317 455 1460 502 quibus
1500 455 1539 491 in
1579 456 1782 493 vocabulis

266 521 454 557 universis
486 521 539 556 de
569 519 896 568 pronuntiatione
934 530 1017 554 non
1057 520 1280 568 ambigitur,
1322 521 1409 558 sola
1452 522 1650 558 scribendi
1681 523 1783 559 ratio

266 589 423 624 diversa
454 593 517 623 ost
546 592 711 635 propter
733 586 978 623 litteraturae
1007 592 1103 622 tunc
1134 587 1306 623 usitatae
1332 589 1633 636 proprietatem.
1692 588 1784 625 Hoc

265 660 398 692 autem
431 660 631 690 vetustum
660 654 860 690 scribendi
892 665 1019 702 genus
1050 665 1182 703 nemo,
1214 654 1366 702 opinor,
1398 656 1557 704 tragicis
1580 657 1784 694 obtrudet.

265 723 373 770 Ergo
404 733 454 757 ne
486 718 531 769 ἐς
562 722 726 769 quidem
748 721 1007 758 retinebimus
1048 721 1124 757 nisi
1154 721 1290 769 paucis
1329 722 1373 758 iis
1406 723 1503 759 locis
1535 723 1678 772 quibus
1710 724 1785 760 do-

264 791 343 828 rica
376 790 501 826 forma
532 800 648 826 versu
679 788 882 837 probatur.
943 787 1103 834 Quodsi
1125 787 1234 825 haud
1265 800 1367 833 raro,
1400 790 1466 826 ubi
1495 791 1610 827 metri
1641 802 1783 827 neces-

265 859 361 895 sitas
395 856 501 894 nulla
535 855 778 903 agnoscitur,
825 852 870 903 ἐς
902 855 941 891 in
982 855 1087 891 libris
1124 867 1245 892 manu
1283 856 1436 904 scriptis
1474 857 1656 902 occurrit,
1696 869 1784 901 eOS‚

265 926 329 974 qui
359 925 566 974 quondam
596 928 749 959 textum
779 923 1019 970 tragicorum
1044 923 1391 959 transcribendum
1413 930 1611 973 curarent,
1644 925 1781 960 analo·

264 994 353 1041 giae
385 991 540 1039 legibus
572 990 722 1037 ubique
754 989 1057 1037 obtemperasse
1089 989 1176 1038 quis
1209 986 1461 1037 spondebitl>
1520 990 1639 1027 Adde
1669 991 1784 1027 libra-

264 1061 409 1095 riorum
440 1064 578 1094 notam
607 1058 647 1094 in
680 1057 798 1093 rebus
820 1057 873 1092 ad
895 1056 1226 1105 orthographiam
1256 1057 1550 1105 pertinentibus
1582 1058 1784 1096 incuriam.

264 1127 343 1164 Sed
372 1126 473 1162 haec
504 1125 720 1168 hactenus3
753 1124 917 1160 nuncin
949 1124 1052 1160 viam
1074 1124 1327 1160 redeundum
1360 1130 1432 1162 est.
1493 1123 1556 1160 De
1588 1136 1636 1161 ea
1665 1125 1784 1172 igitur

264 1194 403 1243 forma,
436 1205 556 1241 quam
586 1198 679 1240 post
709 1190 1081 1239 semiseptenariam
1113 1202 1136 1225 a
1156 1190 1358 1238 Sophocle
1391 1190 1634 1239 frequentari
1668 1203 1785 1239 supra

262 1261 494 1304 memoravi,
533 1266 575 1296 ut
606 1258 792 1296 Trachin.
838 1259 962 1296 1231:
1007 1255 1056 1296 τὸ
1088 1254 1122 1296 δ’
1155 1254 1227 1296 ὧδ’
1270 1254 1376 1306 ὁρᾶν
1407 1257 1655 1306 φρονοῦντα
1705 1255 1787 1307 τίς

261 1325 367 1367 ποτ’
403 1323 466 1367 ἂν
497 1325 636 1376 φέροι,
667 1325 857 1374 imprimis
888 1325 991 1362 haec
1022 1325 1182 1361 notabis
1204 1325 1315 1374 quod
1346 1325 1398 1362 ibi
1429 1337 1593 1374 quoque
1623 1330 1786 1362 senten-

262 1396 340 1432 tiae
371 1406 499 1444 pausa
530 1393 770 1431 antecedere
795 1393 912 1437 solet,
949 1392 1105 1428 deinde
1135 1404 1208 1441 pes
1230 1392 1315 1440 ipse
1347 1392 1616 1440 paenultimus
1648 1393 1783 1429 iambo

262 1463 442 1511 expletur
479 1462 678 1510 exemptis
708 1460 828 1509 Soph.
860 1459 1004 1497 Trach.
1039 1459 1116 1498 308
1152 1464 1193 1496 et
1223 1458 1394 1498 Philoct.
1429 1460 1547 1505 1224,
1592 1459 1784 1508 denique,

262 1531 372 1578 quod
393 1530 670 1578 gravissimum
691 1534 768 1572 est,
800 1539 957 1576 semper
987 1539 1063 1563 vox
1094 1527 1267 1563 iambica
1288 1538 1444 1563 versum
1467 1526 1630 1564 claudit.
1689 1525 1785 1562 Om-

261 1598 356 1634 nino
385 1598 501 1641 enim,
530 1597 865 1646 quotiescumque
887 1594 1209 1643 monosyllabum
1230 1594 1349 1631 breve
1372 1593 1637 1630 elevationem
1659 1604 1781 1641 paen-

262 1667 440 1702 ultimam
470 1664 630 1711 insedit,
662 1668 887 1712 postremus
927 1660 1090 1697 trimetri
1123 1673 1192 1709 pes
1221 1673 1300 1697 uno
1323 1661 1517 1697 vocabulo
1541 1660 1786 1703 continetur,

262 1734 367 1773 conf.
399 1733 491 1769 Eur.
526 1732 607 1769 Alc.
641 1732 716 1768 145
749 1725 868 1767 οὔπω
899 1725 986 1766 τόδ’
1018 1724 1107 1766 οἶδε
1138 1724 1365 1776 δεσπότης,
1409 1725 1507 1775 πρὶν
1543 1723 1601 1765 ἄν
1637 1723 1785 1778 πάθῃ.

262 1802 385 1848 Quod
422 1811 549 1848 genus
596 1796 879 1835 creberrimum
913 1792 1008 1832 est1
1049 1801 1089 1831 et
1130 1806 1352 1843 perpaucas
1391 1795 1591 1843 quasdam
1632 1795 1786 1843 patitur

261 1870 386 1905 iustas
426 1867 704 1915 exceptiones:
750 1863 825 1913 μὲν
855 1861 892 1902 τί
933 1862 1009 1902 δεῖ
1041 1863 1133 1901 Eur.
1165 1862 1266 1901 Hec.
1301 1864 1392 1907 900,
1424 1862 1544 1911 Soph.
1578 1861 1674 1899 Phil.
1713 1865 1784 1909 11;

265 1934 301 1974 τί
334 1932 415 1983 γάρ
453 1946 501 1984 με
533 1933 609 1973 δεῖ
643 1933 734 1971 Eur.
765 1931 930 1980 Hippoi.
963 1932 1033 1979 203
1081 1927 1161 1978 γὰρ
1200 1928 1249 1968 τὸ
1280 1929 1377 1978 φῶς
1409 1929 1495 1978 Iph.
1528 1929 1615 1967 Aul.
1653 1928 1784 1972 12183

265 2002 346 2052 γὰρ
376 2000 429 2042 τὰ
458 2001 547 2041 νῦν
577 2000 625 2038 O.
659 2000 702 2038 C.
733 2001 834 2043 824;
876 1996 928 2036 τὰ
959 1995 1046 2047 μέν,
1087 1995 1138 2036 τὰ
1167 1994 1202 2035 δ’
1236 1994 1297 2035 οὔ
1330 1996 1513 2046 Aeschyl.
1539 1996 1648 2034 Pers.
1680 1996 1783 2036 793:

264 2068 355 2120 τάχ’
389 2068 440 2109 ἂν
469 2065 557 2108 τόδ’
589 2065 648 2116 ἦν
679 2068 788 2116 Sept.
821 2066 910 2105 646.
971 2065 1111 2114 Neque
1161 2076 1253 2100 vero
1293 2064 1519 2101 dubitarem
1558 2063 1652 2111 quin
1692 2063 1783 2100 Eur.

264 2139 323 2177 El.
358 2139 461 2176 1136
494 2136 794 2173 emendandum
826 2139 950 2171 esset:
981 2130 1087 2180 ἡνίκ’
1120 2129 1171 2170 ἂν
1203 2128 1238 2170 δ’
1274 2128 1347 2179 ἐμὲ
1370 2128 1433 2178 (δέ
1457 2141 1505 2178 με
1528 2128 1571 2178 ll)
1600 2131 1604 2175 Ι
1631 2130 1784 2178 δοκῆτε

266 2203 416 2253 θυσίας
452 2200 571 2251 τῆσδ’
615 2199 879 2250 ἀπηλλάχθαι
915 2221 980 2243 —,
1026 2199 1098 2235 nisi
1143 2194 1246 2246 ἡνίκ’
1288 2194 1339 2236 ἄν
1379 2198 1526 2234 eodem
1565 2198 1662 2240 iure,
1703 2209 1783 2245 quo

266 2269 382 2317 ὅτοιν,
415 2284 486 2320 pro
517 2282 595 2307 uno
629 2269 828 2306 vocabulo
871 2267 998 2315 accipi
1038 2277 1159 2314 posse
1197 2265 1418 2301 arbitrarer.
1478 2264 1579 2301 Nam
1610 2264 1687 2300 alia
1720 2270 1784 2301 est

267 2351 447 2376 versuum
478 2338 579 2374 ratio
617 2336 724 2385 apud
756 2334 1012 2384 Sophoclem:
1052 2332 1149 2370 Phil.
1182 2333 1259 2369 422
1291 2328 1419 2379 οὗτος
1450 2329 1545 2379 γὰρ
1585 2327 1646 2369 τά
1683 2341 1738 2377 γε
1782 2327 1786 2380 l

264 2404 413 2445 κείνων
444 2401 534 2443 κάκ’
567 2401 781 2452 ἑξηύρηκε,
824 2402 889 2450 qui
929 2400 1152 2438 continenti
1191 2399 1350 2446 agmine
1383 2399 1613 2446 decurrunt,
1646 2409 1783 2434 verum

264 2474 343 2510 hoc
376 2484 538 2521 quoque
565 2471 768 2519 singulare
790 2468 1031 2517 exemplum.
1092 2466 1186 2513 Quo
1206 2466 1334 2514 magis
1359 2467 1525 2503 miratus
1548 2477 1635 2502 sum
1659 2465 1783 2514 Soph.

265 2540 314 2578 O.
349 2540 395 2579 R.
425 2541 523 2578 320:

462 2603 574 2655 ἄφες
606 2601 643 2654 μ’
676 2601 722 2653 ἐς
752 2600 925 2652 οἴκους·
958 2598 1096 2653 ῥᾷστα
1125 2598 1206 2650 γὰρ
1233 2597 1282 2640 τὸ
1312 2596 1393 2640 σόν
1423 2610 1468 2639 τε
1500 2596 1585 2638 σὺ2

460 2670 576 2719 κάγὼ
605 2669 753 2711 διοίσω
783 2667 956 2719 τούμόν,

394 2826 407 2850 1
436 2829 477 2861 cs.
496 2828 674 2861 Eur.A1c.
704 2823 1175 2870 145‚1‹;5,302‚323‚706‚
1198 2822 1277 2862 771,
1300 2821 1402 2862 1013,
1433 2821 1533 2855 1119.
1585 2822 1672 2854 Hec.
1700 2819 1779 2862 249,

263 2888 342 2929 301,
370 2887 449 2930 340,
476 2887 555 2929 3⁴22,
582 2886 662 2929 375,
689 2886 768 2929 573,
796 2885 875 2929 59⁶2,
901 2885 982 2928 861,
1009 2884 1089 2926 903,
1118 2882 1219 2924 1053,
1252 2881 1354 2925 1130,
1383 2881 1484 2924 1170,
1515 2880 1604 2913 1199
1631 2884 1695 2912 etc.
1715 2884 1779 2911 ete,

394 2944 409 2967 2
434 2947 511 2977 Iure
538 2945 654 2985 tragici
682 2955 819 2986 operam
847 2944 1015 2976 dederunt
1041 2947 1077 2975 ut
1104 2947 1137 2974 et
1164 2941 1260 2973 initia
1288 2946 1319 2972 et
1347 2941 1454 2972 exitus
1474 2939 1688 2971 senariorum
1707 2949 1790 2979 gra-y
