2006 3327
914 164 953 198 11

174 288 410 337 Euripidem
440 291 619 322 nostrum
641 283 844 320 hominem
872 290 951 320 tam
980 282 1166 318 rusticum
1190 280 1296 330 fingi,
1329 280 1409 327 qui,
1441 285 1483 315 ut
1504 290 1692 326 quaeque

172 355 345 391 maxime
385 358 570 402 contorta
604 357 729 398 atque
766 350 951 387 abstrusa
987 349 1264 391 occurrebant,
1313 359 1363 383 ea
1403 346 1455 382 (le
1496 345 1692 381 industria

173 423 388 471 adriperet,
423 433 513 457 cum
545 419 580 456 ei
613 419 751 454 liceret
781 430 860 465 qua
891 418 1032 454 solitus
1064 422 1151 452 erat
1181 415 1383 463 elegantia
1415 413 1606 450 scribere:

369 485 407 526 τί
437 483 473 526 δ’
505 483 539 524 ὦ
569 483 812 533 ταλαίπωρ’,
844 482 965 532 ὅστις
997 480 1044 531 εἶ,
1076 479 1113 531 μ’
1147 478 1452 530 ἀπεστράφης;

175 557 309 604 Quam
339 557 391 592 ob
422 566 504 590 rem
535 560 579 590 ut
609 565 689 589 non
721 552 1097 600 interpretationem
1134 551 1207 587 sed
1245 548 1575 585 emendationem
1608 559 1693 582 ver-

172 625 293 668 sibus,
339 623 392 658 de
423 621 568 670 quibus
599 621 739 669 agitur,
786 619 1058 656 adhibendam
1091 628 1182 654 esse
1214 622 1338 665 patet,
1384 615 1440 651 ita
1480 615 1519 650 in
1563 613 1694 649 verbis

173 691 329 728 traditis
360 689 579 737 quidquam
606 694 765 724 mutare
796 687 1022 734 religiosum
1053 686 1116 729 sit,
1148 684 1258 732 quod
1290 683 1375 719 sine
1403 681 1578 718 audacia
1610 680 1694 716 fieri

171 770 255 794 non
283 761 432 806 potest.
491 755 680 803 Suspicor
712 755 829 802 igitur
858 765 981 789 unum
1007 751 1245 788 versiculum
1273 749 1522 786 librariorum
1544 747 1695 783 incuria

173 823 441 871 intercidisse3
471 829 514 859 ut
545 823 643 871 quid
675 822 820 858 deesse
852 820 990 869 possit,
1020 819 1253 856 ostendam:

371 887 410 928 τί
439 888 490 940 δ’,
521 886 554 928 ὦ
585 886 833 937 ταλαίπωρ’,
866 884 988 936 ὅστις
1021 883 1081 925 ὢν
1115 882 1151 933 μ’
1190 880 1483 933 ἀπεστράφης,

336 956 341 961 ’
373 954 555 1006 <μάταια
586 953 724 1006 βάζεις
755 952 1009 1006 ἠρεθισμένῃ
1041 950 1194 1004 φρενὶ>

375 1022 442 1063 καὶ
472 1023 566 1072 ταῖς
600 1021 764 1071 ἐκείνης
795 1021 1040 1071 συμφοραῖς
1072 1015 1144 1069 ἐμὲ
1175 1019 1368 1067 στυγεῖς;

177 1092 326 1129 Iterum
358 1104 451 1129 vero
482 1104 542 1129 res
576 1091 709 1127 evenit
737 1091 834 1127 satis
865 1089 1067 1127 notabilis
1140 1087 1296 1124 Scilicet
1326 1086 1476 1123 Teucri
1508 1096 1697 1122 scaenam

177 1160 441 1209 ingredientis
473 1160 601 1196 oratio
629 1159 668 1195 in
700 1159 801 1194 duas
834 1163 970 1205 partes
1002 1156 1062 1192 vel
1095 1153 1144 1194 ἔα
1174 1155 1471 1192 exclamatione
1492 1153 1699 1189 interiecta

178 1227 382 1271 dividitur,
415 1239 584 1275 quarum
615 1226 759 1274 priore,
793 1237 896 1273 quae
926 1231 1007 1260 tres
1039 1235 1176 1260 versus
1209 1222 1502 1270 complectitur,
1548 1220 1699 1267 regiam

179 1294 575 1343 magnificentissime
618 1299 864 1329 exstructam
903 1291 1090 1328 laudibus
1130 1291 1287 1338 attollit,
1327 1290 1452 1326 altera
1496 1300 1567 1324 sex
1613 1299 1699 1323 ver-

179 1373 297 1399 suum
339 1360 492 1397 mulieri
537 1359 767 1397 occursanti
811 1365 984 1395 mortem
1026 1358 1244 1394 minitatur.
1314 1357 1419 1392 Hinc
1459 1354 1700 1403 disceptatio

181 1427 346 1477 paribus
377 1427 556 1464 versibus
589 1427 785 1475 decurrit3
828 1432 1018 1463 secuntur
1048 1425 1155 1461 enim
1187 1424 1290 1461 terni
1321 1423 1485 1460 trimetri
1515 1421 1701 1458 Helenae

178 1496 382 1544 hospitem
424 1496 664 1533 iracundum
702 1495 967 1544 vituperantis
1006 1494 1237 1541 Teucrique
1278 1492 1549 1529 temeritatem
1586 1501 1701 1526 suam

179 1563 424 1606 excusantis,
455 1570 540 1600 tum
570 1563 799 1612 priusquam
832 1562 870 1598 in
900 1561 1224 1610 stichomythiam
1258 1557 1543 1597 sermocinatio
1566 1557 1700 1604 abeat,

179 1629 359 1667 versibus
391 1630 555 1678 singulis
586 1630 772 1678 binisque
795 1630 940 1666 Teucri
961 1641 1109 1665 nomen
1143 1634 1184 1664 et
1214 1628 1345 1676 patria
1374 1631 1574 1663 eruuntur.
1625 1624 1700 1660 Ita-

180 1709 258 1745 que
289 1709 339 1733 ne
370 1696 462 1734 huic
489 1698 652 1747 quidem
680 1697 861 1733 diverbio
895 1708 968 1733 sua
1001 1686 1216 1745 dispositio
1249 1695 1381 1739 deest3
1419 1705 1539 1729 unum
1571 1697 1707 1727 autem

181 1769 338 1801 certum
367 1764 463 1801 mihi
495 1770 574 1801 stat
606 1764 757 1800 nullum
789 1764 867 1801 hoc
900 1764 989 1800 loco
1022 1775 1179 1799 versum
1211 1762 1371 1799 obviam
1409 1771 1499 1797 esse
1531 1759 1708 1806 interpo-

182 1831 342 1869 lationis
373 1837 620 1880 suspectum.

780 1928 976 1964 Androm.
1011 1929 1111 1965 404:

380 2010 419 2052 τί
449 2013 539 2061 δῆτ’
575 2010 668 2061 ἐμοὶ
697 2014 771 2061 ζῆν
802 2010 901 2060 ἡδύ;
932 2010 1040 2061 πρὸς
1072 2009 1109 2050 τί
1140 2009 1217 2060 χρὴ
1252 2008 1437 2060 βλέπειν;

183 2093 249 2118 cur
281 2086 403 2118 aucta
431 2081 680 2129 pronominis
712 2081 840 2117 forma
870 2087 995 2128 poeta
1026 2091 1121 2117 usus
1153 2080 1215 2127 sit,
1249 2079 1341 2115 ideo
1372 2077 1533 2114 difficile
1565 2083 1625 2114 est
1653 2077 1707 2113 ad

183 2149 513 2197 intellegendum,
555 2149 649 2197 quia
689 2160 862 2185 acumen
898 2147 1092 2184 orationis
1134 2158 1216 2183 non
1252 2146 1292 2182 in
1324 2142 1426 2193 ἐμοί,
1458 2145 1531 2182 sed
1561 2144 1601 2180 in
1632 2144 1706 2191 ζῆν

184 2221 324 2265 aperte
355 2215 531 2264 positum
563 2222 635 2253 est.
697 2217 819 2253 Adde
852 2216 891 2252 in
914 2215 1030 2252 simili
1061 2214 1356 2251 deliberatione
1379 2212 1584 2249 dicentem
1605 2211 1706 2247 Her-

185 2285 316 2323 culem
351 2285 516 2323 Hercul.
558 2296 614 2322 vs.
649 2285 773 2322 1301:
815 2281 852 2322 τί
890 2280 997 2331 δῆτά
1041 2294 1090 2330 με
1130 2282 1203 2329 ζῆν
1246 2281 1327 2329 δεῖ;
1375 2286 1417 2318 et
1462 2280 1709 2329 Polyxenam

185 2353 287 2392 Hec.
321 2355 423 2391 349:
456 2350 493 2391 τί
523 2348 604 2401 γάρ
637 2363 686 2400 με
708 2351 771 2390 δεῖ
802 2350 896 2399 Ζῆν;
932 2348 956 2402 ᾗ
988 2348 1126 2398 πατὴρ
1160 2348 1234 2398 μὲν
1264 2346 1315 2397 ἦν
1347 2344 1451 2387 ἄναξ
1483 2353 1573 2391 etc„
1605 2359 1710 2395 quae

187 2420 391 2457 sententia
422 2420 636 2468 quominus
668 2419 725 2456 sic
756 2419 984 2456 efferretur:
1027 2415 1066 2456 τί
1095 2416 1176 2466 γὰρ
1203 2415 1275 2464 ἐμὲ
1306 2416 1368 2455 δεῖ
1399 2416 1484 2463 Ζῆν,
1515 2415 1609 2451 nihil
1637 2415 1710 2451 ob-

188 2489 337 2526 stabat.
388 2488 526 2526 Adeas
549 2488 728 2536 denique
750 2487 836 2525 Ale.
858 2489 957 2525 960:
977 2482 1149 2525 τοιάνδε
1171 2482 1281 2533 πρὸς
1303 2483 1472 2522 κακοῖσι
1492 2480 1680 2531 κληδόνα
1708 2479 1712 2532 Ι

189 2553 280 2595 ἔξω.
309 2553 348 2594 τί
379 2567 447 2603 μοι
477 2556 550 2604 Ζῆν
581 2556 689 2603 δῆτα
718 2552 876 2603 κύδιον,
907 2551 1042 2603 φίλοι;
1083 2553 1193 2590 Med.
1228 2553 1303 2589 798
1330 2548 1427 2590 ἴτω·
1469 2548 1506 2589 τί
1538 2562 1606 2599 μοι
1634 2551 1709 2597 Ζῆν

188 2622 362 2672 κέρδος;
393 2622 513 2671 Soph.
547 2622 608 2660 Ai.
640 2623 720 2660 393
753 2618 899 2670 εὔχου·
939 2618 978 2659 τί
1006 2618 1088 2669 γὰρ
1125 2619 1186 2658 δεῖ
1214 2618 1288 2666 ζῆν
1319 2629 1368 2666 με
1400 2618 1482 2657 σοῦ
1513 2615 1711 2665 τεθνηκό-

189 2702 276 2739 τος,
308 2690 375 2726 ubi
407 2701 456 2738 με
500 2690 750 2727 intolerabile
796 2694 919 2731 esset,
967 2688 1042 2724 nisi
1081 2698 1237 2724 summa
1268 2685 1533 2735 oppositionis
1567 2686 1606 2721 in
1636 2685 1711 2731 Ζῆν

191 2764 230 2795 et
259 2753 516 2805 τεθνηκότος
544 2763 772 2794 versaretur
790 2752 816 2793 1.
861 2755 983 2791 Haud
1005 2754 1122 2802 igitur
1143 2754 1286 2790 dubito
1308 2753 1403 2802 quin
1423 2751 1712 2790 Andromacha

193 2836 353 2874 quoque
384 2823 605 2872 Euripidea
635 2823 742 2860 hunc
773 2823 812 2859 in
842 2822 1010 2858 modum
1045 2822 1166 2858 verba
1198 2820 1355 2858 fecerit:

327 2920 341 2944 ¹
366 2924 447 2956 Eur.
474 2922 533 2956 Or.
562 2923 654 2957 1070
680 2922 711 2957 εἰ
737 2924 804 2965 Ζῆν
830 2932 873 2964 με
899 2921 1048 2964 χρῄζειν
1073 2923 1141 2954 σοῦ
1169 2919 1349 2960 θανόντος
1374 2920 1543 2962 ἤλπισας.
