2006 3327
1021 187 1042 220 8

276 312 544 344 taemnestrae
577 307 747 343 caedem
777 312 1060 353 perpetrasset,
1092 317 1181 342 cum
1209 306 1254 341 iis
1286 317 1328 341 se
1352 306 1482 353 ipsum
1505 317 1664 354 quoque
1688 317 1791 341 mor-

274 380 355 410 tem
387 373 518 410 subire
550 373 659 409 haud
690 378 959 420 gravaturum.
1022 372 1181 408 Deinde
1212 372 1340 421 pergit
1372 384 1424 410 vs.
1460 373 1585 410 1093:

673 436 710 476 τί
739 436 821 486 γὰρ
853 436 936 486 ἐρῶ
966 435 1098 477 καλόν
1128 449 1243 486 ποτε,

472 507 551 553 γῆν
581 502 764 553 Δελφίδ’
798 502 935 543 ἐλθὼν
967 502 1153 543 Φωκέων
1184 502 1454 556 ἀκρόπτολιν,

473 570 522 620 ὃς
553 570 649 620 πρὶν
680 570 753 619 μὲν
784 568 894 620 ὑμᾶς
927 571 1153 619 δυστυχεῖν
1184 569 1310 620 φίλος
1341 574 1453 621 παρῆ

471 639 546 677 νῦν
577 635 612 677 δ’
645 635 781 677 οὐκέτῖ
816 635 893 685 εἰμὶ
922 636 1202 686 δυστυχοῦντί
1232 646 1303 677 σοι
1333 637 1479 688 φίλος;

474 703 551 744 οὐκ
581 703 719 744 ἔστιν·
753 702 861 743 ἀλλὰ
891 705 1023 743 ταῦτα
1054 703 1130 753 μὲν
1161 702 1285 753 κάμοὶ
1317 704 1440 754 μέλει.

275 772 337 809 De
368 773 505 808 ultimo
539 784 651 809 versu
686 772 796 820 quod
828 772 1026 808 dubitatio
1059 772 1240 819 animum
1270 773 1399 816 subiit,
1442 774 1643 810 neminem
1675 786 1791 822 spero

275 839 508 875 miraturum
540 850 649 883 essc3
682 839 756 874 sed
778 844 959 887 praestat
980 839 1073 875 nihil
1095 844 1259 876 mutare.
1322 839 1482 876 Etenim
1504 841 1563 876 vel
1587 840 1619 877 si
1641 841 1788 884 omnia,

277 918 380 953 quae
412 906 606 951 novimus,
639 906 824 954 exempla
856 907 1087 955 asyndeton
1108 906 1357 950 exhiberent,
1389 907 1568 955 potuisse
1591 921 1614 944 a
1638 908 1790 956 tragico

279 969 387 1010 ἀλλά
408 972 644 1020 particulam
665 979 889 1021 praeeunte
913 969 989 1011 Οὐκ
1011 970 1128 1012 ἔστιν
1151 974 1332 1022 usurpari
1364 974 1461 1010 fatui
1493 980 1600 1012 esset
1631 986 1792 1022 negare,

276 1039 463 1088 quoniam
506 1040 600 1075 boni
638 1041 853 1088 scriptores
893 1040 948 1076 ita
990 1040 1110 1076 locuti
1148 1037 1292 1084 sunt1;
1340 1041 1475 1077 eidem
1513 1053 1606 1077 vero
1645 1047 1792 1089 poetae

278 1118 505 1142 sermonem
538 1106 646 1143 nulla
678 1106 822 1154 copula
853 1107 1008 1144 adscita
1033 1106 1268 1143 continuare
1290 1107 1416 1143 multo
1442 1107 1568 1155 magis
1596 1108 1793 1156 placuisse

277 1173 460 1222 exempla
491 1185 610 1221 supra
641 1174 776 1210 adlata
807 1175 970 1211 docent.
1036 1174 1250 1211 Praeterea
1287 1174 1692 1211 animadvertendum
1728 1175 1794 1212 illa

277 1240 433 1288 Pyladis
463 1241 584 1276 verba
616 1241 655 1276 in
685 1241 819 1278 media
851 1241 1033 1278 oratione
1066 1242 1246 1289 longiore
1279 1247 1450 1290 exstare,
1494 1241 1695 1289 aliamque
1734 1253 1794 1277 ra-

277 1307 427 1344 tionem
458 1307 658 1344 observari
689 1308 727 1344 in
759 1308 1054 1356 stichomythia,
1085 1309 1152 1345 ubi
1183 1309 1422 1345 brevitatem
1447 1308 1633 1345 consulto
1657 1308 1794 1357 quaeri

278 1379 597 1410 consentaneum
629 1380 700 1411 est.
762 1374 898 1421 Quare
930 1387 1092 1412 causam
1122 1387 1203 1411 non
1235 1375 1354 1411 video
1386 1387 1453 1412 cur
1484 1387 1615 1412 meum
1645 1376 1697 1412 <le
1731 1375 1794 1412 Al-

278 1447 375 1478 cest.
413 1441 591 1477 versibus
631 1441 821 1477 iudicium
862 1448 1026 1479 mutem.
1101 1442 1216 1489 Quos
1258 1442 1388 1478 eiecto
1433 1453 1546 1479 versu
1591 1443 1695 1479 1125
1739 1441 1795 1478 sic

278 1508 447 1556 scriptos
478 1520 683 1556 propono:

353 1571 443 1612 ΑΔ.
478 1571 511 1612 ὧ
544 1573 643 1623 Θεοί,
674 1573 712 1614 τί
744 1573 872 1622 λέξω;
905 1572 1027 1623 θαῦμ’
1061 1573 1318 1614 ἀνέλπιστον
1350 1572 1460 1614 τόδε.

474 1641 652 1687 γυναῖκα
685 1640 857 1681 λεύσσω
888 1640 1003 1690 τήνδ’
1035 1640 1138 1690 ἐμὴν
1170 1640 1405 1690 ἐτητύμωςς

366 1705 443 1746 ΗΡ.
476 1706 554 1747 οὔκ
585 1707 702 1748 ἐστιν
735 1706 860 1757 ἄλλη·
891 1705 1004 1758 τήνδ’
1036 1707 1141 1761 ὁρᾷς
1173 1706 1364 1758 δάμαρτα
1395 1706 1489 1757 σήν.

278 1775 334 1812 ita
371 1782 412 1812 ut
449 1776 556 1812 idem
592 1777 868 1826 respondendi
904 1789 1031 1824 genus
1070 1777 1161 1814 huic
1200 1777 1288 1813 loco
1322 1777 1533 1823 vindicem,
1581 1778 1691 1826 quod
1724 1789 1795 1824 ap-

277 1849 393 1891 paret
423 1844 506 1881 Ion.
540 1845 639 1882 538:
703 1841 798 1883 ΙΩΝ.
839 1845 986 1893 πρῶτα
1023 1842 1112 1892 δῆτ’
1152 1842 1242 1892 ἐμοὶ
1280 1841 1503 1892 Ξυνάπτεις
1541 1842 1654 1883 πόδα
1693 1842 1798 1890 σόν;

277 1907 401 1949 ΞΟΥ.
449 1908 525 1949 Οὐκ
556 1908 684 1962 ἄλλῳ,
729 1910 880 1950 τέκνον
897 1910 925 1949 ².
1002 1912 1135 1960 Pergit
1176 1918 1312 1949 autem
1351 1912 1550 1948 Admetus
1591 1913 1797 1950 dubitare:

278 1974 359 2025 ὅρα
390 1989 436 2024 γε
467 1976 519 2026 μή
550 1990 589 2017 τι
618 1975 769 2027 φάσμα
799 1977 1010 2027 νερτέρων
1038 1976 1126 2018 τόδ’
1155 1977 1199 2030 ᾗ
1233 1992 1280 2016 ac
1302 1979 1362 2015 vel
1385 1979 1480 2016 inde
1502 1979 1681 2028 ineptum
1704 1992 1796 2016 esse

280 2057 436 2081 versum
470 2047 574 2084 1125
607 2046 770 2094 colligas
805 2053 848 2083 ut
879 2047 944 2095 qui
976 2047 1124 2083 iustum
1156 2047 1443 2083 sententiarum
1482 2046 1666 2083 ordinem
1708 2059 1799 2096 per-

282 2111 425 2149 turbet.

823 2229 1016 2267 Androm.
1049 2242 1101 2268 vs.
1134 2232 1185 2268 64
1203 2242 1260 2280 sq.

281 2312 420 2348 nuntio
452 2313 590 2348 adlato
622 2313 855 2349 Menelaum
883 2319 925 2349 et
956 2312 1218 2350 Hermionam
1248 2313 1290 2349 id
1322 2325 1456 2361 agere,
1491 2319 1534 2350 ut
1565 2313 1682 2350 filiurn
1715 2315 1798 2351 An-

281 2379 526 2416 dromachae
557 2379 809 2427 interficiant,
841 2380 980 2417 mulier
1009 2392 1188 2418 maerore
1220 2380 1365 2418 obruta
1395 2381 1613 2418 exclamat:

414 2565 425 2589 1
452 2567 559 2610 Soph.
586 2568 639 2601 El.
667 2567 745 2602 448.
779 2569 898 2610 Antig.
926 2568 1004 2603 279.
1039 2569 1163 2602 Traeh.
1194 2569 1270 2603 709.
1305 2570 1552 2613 Aristophanis
1578 2570 1667 2603 Ach.
1697 2568 1798 2602 1032.

281 2628 390 2660 Mein.

413 2684 428 2707 2
454 2686 560 2728 Soph.
588 2688 628 2720 O.
657 2689 693 2720 C.
722 2688 808 2720 319:
837 2687 904 2720 οὐκ
932 2688 1031 2721 ἔστιν
1057 2688 1164 2729 ἄλλη·
1196 2688 1336 2730 φαιδρὰ
1361 2692 1453 2729 γοῦν
1481 2687 1541 2722 ἀπ’
1570 2686 1746 2729 ὀμμάτων

844 2745 959 2779 σαίνει
986 2756 1029 2787 με
1055 2745 1366 2789 προσστείχουσα,

281 2802 438 2833 Ceterum
454 2803 580 2835 Troad.
602 2803 707 2836 13:31:
737 2804 780 2838 ἰὼ
807 2804 961 2838 τάλαινα
989 2805 1144 2845 πόλις·
1173 2805 1296 2846 ὅμως
1323 2805 1362 2838 δέ
1387 2805 1390 2847 Ι
1414 2805 1580 2847 πρόφερε
1607 2802 1704 2837 πόδα
1730 2803 1797 2836 σὸν

283 2861 341 2894 ἐπὶ
368 2860 508 2901 πλάτας
530 2857 702 2906 Ἀχαιῶν,
731 2868 787 2894 aut
813 2874 927 2895 verum
954 2870 1018 2897 est:
1056 2863 1098 2897 ἰὼ
1126 2863 1297 2898 τάλαινα·
1327 2863 1480 2907 μόλις,
1506 2863 1631 2905 ὅμως
1656 2862 1696 2895 δὲ
1722 2866 1794 2898 etc.⁵

283 2924 339 2951 aut
364 2919 448 2962 quid
476 2919 577 2962 ὅμως
603 2921 669 2952 sibi
696 2921 785 2965 velit,
813 2933 883 2954 non
910 2922 1090 2962 intellego,
