2006 3327
916 157 960 193 ‘29

181 275 247 313 ubi
278 275 318 312 in
349 275 480 313 verbis
511 275 805 313 constituendis
836 275 1195 323 Klinkenbergium
1215 272 1228 299 ¹
1259 286 1418 327 sequor,
1466 288 1555 315 eum
1593 276 1696 318 ἀπο-

179 340 347 392 φαίνειν
385 343 471 380 libri
514 332 744 380 exhibeantss
806 343 908 379 Nam
939 344 1050 392 quod
1081 341 1285 392 γλώσσης
1317 342 1409 392 δίας
1442 341 1699 394 ἀποφαίνειν

180 411 364 458 speciose
394 409 665 446 Weckleinius
699 410 888 454 coniecit,
929 410 1008 446 tale
1043 411 1139 459 quid
1171 417 1310 459 optare
1341 412 1414 449 Ion
1445 419 1595 461 potest,
1628 415 1698 450 im-

180 489 320 525 perare
365 489 447 513 non
490 482 639 524 potest,
688 484 758 513 aut
802 478 868 513 dei
910 478 1032 525 ipsius
1074 484 1270 514 rectorem
1313 490 1402 516 Sese
1433 480 1697 528 praebuisset.

178 544 244 581 De
283 544 574 593 significatione
610 550 755 589 autem,
804 556 924 593 quam
962 541 1071 592 ἴδιος
1114 546 1353 583 vocabulum
1398 547 1566 590 obtinet,
1616 561 1697 586 non

181 611 313 648 habeo
345 623 464 660 quem
494 611 636 648 melius
668 611 874 648 conferam
897 611 1141 649 Callimacho
1170 613 1210 649 in
1233 614 1359 662 epigr.
1382 614 1474 650 LVI
1491 614 1698 653 Wilamov.

379 676 517 727 Φησὶν
546 675 570 717 ὅ
603 690 651 727 με
683 676 850 728 στήσας
883 676 1109 728 Εὐαίνετος
1142 677 1211 728 (οὐ
1243 678 1323 729 γὰρ
1354 678 1487 728 ἔγωγε

377 744 629 795 γιγνώσκω)
658 744 775 795 νίκης
809 743 900 785 ἀντί
931 758 980 794 με
1011 748 1086 796 τῆς
1119 743 1224 796 ἰδίης
1243 746 1258 770 2

380 809 602 860 ἀγκεῖσθαι
633 813 830 862 χαλκεῖον
859 810 1068 862 ἀλέκτορα
1098 811 1393 867 Τυνδαρίδῃσι.

184 881 305 918 Porro
338 881 554 917 infinitivus
585 893 658 929 pro
690 882 925 929 imperativo
953 883 1065 930 apud
1095 882 1330 930 Euripidem
1361 890 1421 920 est
1449 884 1598 923 Troad.
1620 887 1696 923 421

353 945 358 950 ’
380 946 434 986 σὺ
456 945 506 991 δ’,
537 947 640 996 ἡνίκ’
665 945 716 987 ἄν
739 957 789 988 σε
811 946 993 997 Λαρτίου
1015 948 1143 1000 χρῄζῃ
1176 947 1304 997 τόκος
1334 947 1337 999 Ι
1363 948 1490 998 ἄγειν,
1522 949 1701 991 ἕπεσθαι

183 1024 223 1052 et
254 1016 425 1053 fortasse.
458 1017 499 1055 fr.
526 1017 625 1053 536:
669 1014 771 1063 τοὺς
793 1016 956 1064 Ζῶντας
980 1013 1024 1054 εὖ
1049 1016 1189 1064 δρᾶν.’
1224 1017 1411 1067 Denique
1441 1031 1523 1055 non
1556 1020 1699 1056 dubito

183 1085 276 1132 quin
309 1084 395 1121 Ion.
434 1097 468 1120 v.
503 1085 608 1121 1396
646 1095 737 1120 cum
776 1083 882 1120 libris
926 1083 1051 1129 σιγᾶν
1090 1081 1164 1122 σύ·
1212 1086 1417 1121 edendum
1457 1086 1506 1122 sit
1545 1088 1699 1124 abiecta

186 1151 370 1188 Dindorfi
402 1152 637 1188 coniectura
668 1148 768 1195 σίγα
799 1148 868 1188 σύ.
928 1150 1031 1187 Nam
1062 1152 1263 1200 proprium
1300 1153 1462 1200 quidem
1497 1154 1700 1202 Euripidis

183 1226 245 1255 est
269 1220 433 1267 simplex
456 1216 568 1264 σίγα,
601 1218 722 1253 veluti
745 1218 829 1254 Alc.
852 1219 943 1263 703,
976 1218 1133 1257 Hecub.
1159 1221 1278 1262 1070,
1312 1219 1378 1256 Or.
1399 1222 1518 1263 1103,
1547 1221 1699 1260 Phoen.

189 1287 282 1330 925,
314 1286 424 1329 alibi;
471 1286 610 1322 fortius
643 1285 715 1320 erit
745 1282 844 1330 σίγα
876 1282 942 1333 σύ,
984 1286 1163 1322 omnium
1194 1293 1344 1331 tamen,
1386 1288 1425 1324 ni
1454 1288 1579 1331 fallor,
1622 1289 1701 1325 for-

188 1353 383 1389 tissimum
424 1353 599 1400 ideoque
640 1352 911 1389 adulescentis
952 1354 1220 1401 indignationi
1257 1355 1431 1391 maxime
1469 1367 1702 1393 accommo-

184 1422 325 1457 datum
357 1421 467 1468 quod
499 1420 662 1456 codices
694 1426 893 1456 testantur
924 1422 1137 1469 abruptum
1169 1421 1294 1468 σιγᾶν
1322 1420 1386 1460 σύ.

315 1555 439 1601 Quod
472 1555 732 1591 Blomfieldus
768 1556 821 1591 ad
850 1555 1037 1602 Aeschyl.
1068 1555 1174 1594 Pers.
1202 1569 1235 1594 v.
1262 1558 1338 1594 389
1369 1558 1486 1597 ναῶν
1517 1558 1701 1602 formam,

182 1623 256 1660 nisi
286 1629 413 1659 metro
445 1629 690 1671 posceretur,
723 1634 772 1658 ex
804 1635 990 1659 sermone
1022 1624 1263 1671 tragicorum
1294 1625 1556 1673 relegandam
1582 1627 1699 1663 ideo—

183 1702 262 1738 que
293 1690 333 1726 in
360 1690 472 1726 initio
504 1690 771 1727 trimetrorum
803 1691 950 1739 ubique
972 1691 1083 1729 νεῶν
1114 1693 1394 1739 reponendum
1416 1705 1506 1730 esse
1526 1695 1700 1742 putavit:

185 1769 234 1793 ea
265 1757 450 1806 quaestio
482 1757 654 1794 fortasse
686 1759 809 1805 digna
839 1765 901 1794 est
933 1770 1038 1806 quae
1069 1759 1378 1809 redintegretur,
1409 1766 1626 1808 postquam
1649 1762 1702 1797 dc·

185 1826 372 1860 librorum
411 1825 647 1862 auctoritate
687 1826 800 1862 aliter
839 1826 1020 1862 iudicare
1054 1826 1279 1871 didicimus,
1325 1834 1447 1875 atque
1479 1827 1704 1865 Blomfieldi

185 1897 320 1928 aetate
341 1892 425 1928 fieri
447 1892 615 1930 solebat.
668 1893 742 1929 Est
765 1900 902 1929 autem
927 1894 965 1929 in
988 1894 1175 1942 Aeschyli
1197 1894 1406 1932 Mediceo:
1440 1894 1544 1933 Pers.
1569 1908 1601 1934 v.
1623 1896 1700 1933 338

185 1958 316 2005 ναῶν,
348 1957 476 2007 δεκὰς
507 1958 543 1998 δ’
574 1956 626 2007 ἦν
655 1960 790 1998 τῶνδε
821 1958 949 2009 χωρὶς
980 1958 1179 2009 ἔκκριτος,
1211 1975 1242 1999 v.
1275 1963 1351 1999 35?
1384 1962 1502 2001 ναῶν
1534 1960 1702 2001 ἐπενθο-

187 2023 336 2075 ρόντες
366 2023 498 2074 ἄλλος
529 2023 693 2065 ἄλλοτε.
753 2040 784 2064 v.
816 2029 891 2065 381
925 2027 1042 2067 ναῶν
1073 2025 1254 2077 ἄνακτες
1287 2036 1355 2067 ctt.
1408 2042 1442 2066 v.
1475 2032 1552 2067 453
1585 2030 1702 2069 ναῶν

186 2091 317 2132 ἔδωκε
349 2100 416 2132 ctt.
466 2107 502 2131 v,
534 2096 612 2132 478
644 2095 759 2133 ναῶν
791 2094 836 2133 δὲ
868 2094 988 2141 ταγοί
1019 2102 1084 2134 Ctt.
1122 2097 1311 2144 idemque
1348 2097 1514 2134 trimetri
1555 2098 1703 2146 princi-

186 2162 293 2210 pium
326 2161 513 2210 Sophocl.
548 2162 590 2200 fr.
622 2162 765 2211 Naupl.
789 2164 867 2200 32³6
898 2171 937 2200 et
969 2164 1105 2212 Eurip.
1128 2164 1273 2203 Electr‚
1297 2177 1331 2202 v.
1350 2166 1385 2202 7.
1429 2165 1590 2202 Deinde
1613 2177 1701 2202 cum

185 2229 308 2277 Iphig.
339 2229 388 2267 T.
421 2242 454 2266 ν.
481 2230 586 2268 1485
619 2230 780 2267 codices
811 2231 927 2278 νηῶν
956 2227 989 2269 τ’
1024 2229 1177 2279 ἐρετμά
1208 2238 1276 2269 ctt.
1309 2232 1537 2277 exhibeant,
1570 2233 1620 2269 ab
1653 2244 1702 2267 00

184 2297 416 2333 testimonio
440 2297 604 2346 propius
635 2297 750 2336 ναῶν
782 2299 816 2336 τ’
849 2296 1003 2346 ἐρετμά
1035 2300 1153 2336 abest
1183 2312 1316 2348 quam,
1348 2302 1460 2348 quod
1480 2306 1572 2349 post
1590 2301 1702 2338 Bois-

187 2364 399 2400 sonadium
431 2365 570 2407 edunt,
616 2366 727 2403 νεῶν
757 2360 790 2402 τ’
825 2362 988 2413 ἐρετμά,
1036 2367 1369 2414 quandoquidem
1399 2364 1503 2415 νηός
1541 2379 1702 2417 quoque

187 2437 226 2466 et
256 2427 374 2478 ναός,
406 2429 558 2478 νηυσίν
590 2438 631 2467 et
662 2429 813 2470 ναυσίν
844 2432 1046 2469 interdum
1077 2446 1099 2468 a
1129 2434 1293 2470 librariis
1321 2434 1547 2473 miscentur.
1607 2434 1701 2471 Om-

185 2497 280 2533 nino
313 2504 460 2542 autem,
507 2499 539 2535 si
572 2499 669 2547 quid
698 2511 827 2535 rerum
858 2500 1127 2547 probabilitati
1158 2501 1308 2549 tribuis,
1356 2501 1555 2538 insolitum
1586 2502 1702 2540 ναῶν

187 2564 339 2601 facilius
370 2567 567 2615 corrumpi
597 2567 780 2614 potuisse
816 2579 935 2615 quam
974 2580 1048 2604 usu
1087 2568 1220 2604 tritum
1255 2569 1365 2607 νεῶν
1402 2569 1572 2605 libenter
1606 2582 1703 2606 con-

188 2633 324 2676 cedes,
372 2639 413 2670 et
442 2635 670 2681 spondeum
701 2635 739 2670 in
771 2636 898 2683 primo
936 2637 1042 2684 pede
1075 2648 1097 2673 a
1128 2637 1287 2684 tragicis
1325 2636 1569 2685 frequentari
1605 2650 1702 2674 con-

318 2729 332 2753 1
357 2733 547 2775 Euripidea
572 2744 605 2775 p.
625 2732 680 2766 94.

316 2788 331 2811 2
357 2791 400 2822 de
427 2791 534 2823 simili
560 2803 625 2823 usu
654 2793 688 2823 in
715 2792 1002 2834 inscriptionibus
1029 2793 1157 2825 Atticis
1182 2794 1266 2826 inde
1291 2794 1334 2825 ab
1355 2804 1444 2825 anno
1464 2794 1509 2828 69
1530 2805 1558 2828 a.
1574 2795 1652 2828 Chr.
1670 2805 1702 2828 n.

186 2855 372 2892 apparente
398 2850 477 2881 vide
496 2851 541 2881 sis
560 2851 801 2883 Meisterhans,
829 2849 916 2895 §32
935 2851 958 2884 4
984 2863 1061 2883 curn
1088 2853 1165 2885 adn.
1203 2853 1309 2893 Quem
1336 2864 1436 2885 usum
1461 2853 1498 2884 in
1524 2864 1700 2896 compara-

185 2909 314 2940 tionem
341 2919 466 2940 vocare
492 2909 613 2941 nolim.
