2006 3327
994 194 1037 227 10

256 313 295 348 in
326 324 509 348 versuum
541 311 877 359 distributionem,
911 310 1038 358 qualis
1068 310 1106 346 in
1133 310 1198 346 illo
1219 310 1422 358 colloquio
1446 309 1771 357 deprehenditur.

256 379 425 415 Difficile
458 378 564 414 enim
596 384 658 414 est
691 377 855 413 fortuita
886 376 1114 413 existimare
1151 388 1254 424 quae
1294 383 1373 413 tam
1413 376 1628 413 manifesta
1666 381 1769 413 sunt.

254 447 376 482 Serva
407 446 523 493 igitur
552 444 707 480 initium
743 443 838 480 facit
869 449 962 479 octo
994 443 1186 492 versibus,
1217 444 1439 491 respondet
1473 443 1594 480 tribus
1612 443 1770 479 Andro-

252 509 435 549 machal.
495 511 598 547 Tum
630 517 707 547 tres
729 510 898 547 ancillae
924 521 1060 546 versus
1083 507 1166 558 (68,
1187 512 1250 557 69,
1272 509 1338 558 73)
1362 511 1443 546 duo
1461 509 1771 546 Andromachae

252 579 470 627 excipiunt,
516 578 589 613 hos
632 590 734 614 unus
776 588 927 613 servae.
984 576 1069 613 lam
1109 576 1298 612 evertitur
1334 588 1597 625 personarum
1628 576 1770 625 series3

252 652 331 682 tres
371 645 477 681 enim
517 645 827 681 Andromachae
870 643 1034 680 trimetri
1066 643 1214 679 dantur
1254 640 1468 692 (74—76),
1513 645 1595 681 duo
1630 655 1771 680 servae

252 715 335 762 (77,
369 713 449 759 73),
496 724 596 748 unus
630 711 954 749 Andromachae.
1030 710 1217 759 Sequitur
1260 711 1542 760 stichomythia
1584 723 1771 748 versuum

252 787 552 828 quaternorum;
604 780 780 827 denique
827 779 969 815 ancilla
1013 778 1247 827 priusquam
1291 779 1342 814 de
1387 790 1535 816 scaena
1577 778 1767 827 decedat,

253 847 377 883 tribus
415 851 588 894 perorat.
648 846 711 882 En
743 846 813 882 tibi
844 856 1054 883 numeros:

664 984 727 1000 fx
876 968 1146 998 ‚Af—*N
1291 982 1356 998 Α

665 1008 728 1044 83
815 1009 915 1045 321
1096 1008 1197 1044 321
1289 1008 1353 1044 83

252 1081 331 1117 Sed
377 1081 477 1116 haec
515 1080 721 1116 hactenuS.
782 1079 966 1116 Transeo
1003 1080 1055 1116 ad
1094 1090 1229 1116 versus
1262 1078 1445 1114 Helenae
1477 1079 1526 1115 78
1551 1090 1608 1126 sq.
1642 1078 1770 1125 simili,

255 1154 297 1183 ut
329 1148 484 1196 opinor,
518 1148 606 1184 labe
627 1147 813 1183 infectos.
873 1147 930 1183 Ibi
955 1159 1046 1183 cum
1065 1145 1224 1182 Teucer
1245 1146 1376 1183 subito
1397 1145 1581 1181 Helenae
1604 1150 1770 1193 aspectu

257 1215 369 1262 quasi
400 1226 617 1263 oppressus
650 1215 769 1250 verba
797 1214 878 1251 irae
908 1214 1188 1261 minarumque
1218 1214 1338 1262 plena
1368 1212 1589 1256 effudisset,
1615 1212 1680 1248 illa
1701 1212 1773 1248 mi-

254 1282 438 1317 rabunda
470 1293 664 1330 quaerere
695 1282 845 1330 coepit:

451 1346 488 1386 τί
518 1345 566 1396 δ’,
598 1345 632 1386 ὦ
666 1345 909 1397 ταλαίπωρ’,
941 1345 1062 1395 ὅστις
1093 1345 1153 1387 ὢν
1184 1345 1221 1396 μ’
1256 1344 1538 1397 ἀπεστράφης

452 1413 520 1453 καὶ
550 1415 642 1464 ταῖς
675 1413 838 1464 ἐκείνης
870 1415 1114 1464 συμφοραῖς
1147 1413 1219 1464 ἐμὲ
1249 1414 1443 1463 στυγεῑςς

255 1495 355 1530 quos
387 1495 522 1519 versus
554 1484 793 1532 quicumque
834 1489 990 1519 attente
1028 1483 1137 1532 legit,
1183 1483 1223 1519 in
1263 1480 1331 1520 καί
1372 1482 1566 1531 particula
1608 1482 1774 1519 haereat

255 1562 422 1586 necesse
455 1556 526 1587 est.
585 1551 689 1587 Inde
724 1557 764 1586 et
795 1550 1125 1587 emendationum
1156 1550 1372 1586 multitudo
1404 1555 1444 1585 et
1480 1549 1773 1598 interpretandi

254 1618 454 1654 laudabile
486 1618 675 1655 studium.
746 1617 910 1654 Exstitit
941 1629 1119 1654 summus
1150 1617 1204 1653 vir
1237 1617 1286 1655 G.
1317 1616 1573 1653 Hermannus
1605 1616 1672 1664 qui
1703 1613 1770 1653 καί

251 1685 528 1732 exaggerandi
571 1685 648 1721 vim
686 1684 834 1720 habere
872 1690 910 1721 et
947 1685 1001 1721 ad
1038 1681 1109 1731 ἐμέ
1148 1684 1349 1732 pertinere
1389 1683 1564 1729 iuberet3
1615 1683 1678 1719 cui
1722 1695 1774 1719 ne

254 1752 433 1789 Klotzius
472 1753 636 1800 quidem
667 1751 839 1789 credidit
870 1764 918 1788 ac
950 1764 1023 1788 suo
1056 1751 1219 1800 quidem
1256 1751 1351 1789 iure.
1411 1750 1624 1799 Euripides
1663 1750 1768 1786 enim

252 1820 295 1866 si,
338 1820 449 1869 quod
477 1820 617 1867 negari
650 1819 802 1870 nequit,
849 1831 932 1855 non
962 1829 1181 1867 numquam
1211 1818 1252 1854 in
1283 1815 1350 1856 καί
1381 1818 1621 1854 collocando
1654 1817 1766 1852 liber-

251 1886 365 1923 tate2'
397 1888 573 1935 quadam
604 1899 698 1923 usus
729 1892 806 1929 est,
837 1898 1034 1934 nusquam
1062 1891 1174 1922 tanto
1203 1885 1412 1921 intervallo
1433 1896 1568 1933 neque
1597 1885 1653 1921 ita
1679 1896 1767 1933 par-

252 1954 411 1990 ticulam
443 1954 664 2003 constituit,
712 1960 765 2001 ut,
812 1959 942 1990 utrum
974 1954 1009 1989 vi
1040 1952 1220 1989 adverbii
1261 1965 1311 1989 an
1343 1951 1514 2000 copulae
1546 1957 1685 1994 staret,
1731 1951 1771 1987 in

252 2021 412 2057 occulto
445 2020 743 2069 relinqueretur.
806 2020 916 2067 Quid
945 2021 1065 2069 igitur
1095 2017 1301 2057 Klotzius?
1351 2019 1546 2056 Mathiaei
1578 2019 1770 2067 interpre-

251 2088 445 2125 tationem
486 2087 693 2136 amplexus
735 2099 783 2124 ea
829 2088 985 2124 ratione
1032 2099 1189 2123 versum
1235 2086 1408 2135 priorem
1454 2086 1771 2134 intellegendum

252 2167 339 2191 esse
370 2156 533 2199 iudicat,
565 2155 678 2203 quasi
708 2161 846 2204 poeta,
878 2155 974 2191 dum
1006 2155 1143 2191 dicere
1176 2155 1278 2191 volt:

448 2220 484 2260 τί
517 2220 563 2260 δέ
594 2233 642 2270 με
676 2218 972 2269 ἀπεστράφης,
1005 2218 1126 2269 ὅστις
1158 2218 1217 2260 ὢν
1249 2216 1286 2268 μ’
1318 2215 1617 2268 ἀπεστράφης;

251 2289 442 2337 loquendi
480 2301 609 2338 genus
646 2290 773 2337 magis
815 2289 1020 2325 concisum
1063 2288 1328 2337 adoptaverit.
1400 2286 1523 2323 Cuius
1555 2285 1772 2323 similitudo

251 2357 400 2404 petitur
430 2368 452 2391 a
484 2357 629 2404 duplici
658 2355 990 2405 interrogatione,
1022 2355 1130 2391 velut
1161 2354 1249 2403 Iph.
1282 2355 1330 2392 T.
1366 2356 1490 2392 1360:

448 2420 564 2470 τίνος
595 2420 656 2470 τίς
687 2420 746 2461 ὢν
778 2420 832 2461 σὺ
863 2419 977 2470 τήνδ’
1011 2419 1260 2472 ἀπεμπολᾷς
1293 2418 1448 2469 χθόνα;

252 2490 370 2538 longe
415 2490 547 2526 hercle
592 2490 760 2539 repetita
803 2489 1021 2526 similitudo
1066 2494 1106 2524 et
1148 2494 1309 2526 temere.
1385 2487 1600 2525 Praeterea
1646 2487 1771 2523 nolim

383 2637 394 2659 ¹
422 2644 583 2680 quattuor
610 2640 800 2671 secundum
825 2639 950 2682 libros;
979 2638 1038 2670 sed
1066 2650 1096 2670 v.
1125 2638 1179 2671 137.
1207 2643 1296 2669 recte
1323 2637 1479 2669 Cobetus
1509 2637 1646 2670 delevit.

382 2696 396 2718 '⁴'
423 2698 525 2729 verbo
544 2703 678 2739 tangam
700 2698 921 2738 negationum
942 2696 1210 2729 collocationem
1228 2695 1446 2729 insolentem.
1498 2696 1663 2727 Certatim
1684 2695 1774 2727 enim

250 2758 451 2799 impugnant
476 2758 557 2789 Eur.
577 2757 707 2790 Phocn.
735 2757 802 2790 52ss
830 2757 897 2790 οὐκ
924 2756 964 2790 εὖ
989 2756 1109 2797 λέγειν
1136 2755 1204 2798 χρὴ
1231 2755 1278 2796 μὴ
1307 2753 1359 2788 ’πὶ
1385 2759 1463 2795 τοῖς
1489 2755 1610 2797 ἔργοις
1638 2756 1769 2794 καλοῖς.

251 2816 410 2847 Debebat
436 2820 547 2846 tamen
574 2816 824 2847 dubitationem
851 2816 977 2847 inicere
1003 2815 1111 2856 Soph.
1139 2816 1180 2846 O.
1208 2816 1254 2847 R.
1286 2813 1373 2847 145Ῑ
1405 2814 1448 2847 οὐ
1476 2814 1546 2856 γὰρ
1573 2814 1618 2847 ἄν
1642 2823 1734 2847 ποτε
1772 2812 1776 2845 1

251 2875 425 2917 Θνῄσκων
449 2874 597 2915 ἐσώθην
623 2874 671 2916 μὴ
698 2874 750 2908 ’πί
775 2886 828 2919 τῳ
847 2875 956 2918 δεινῷ
977 2877 1092 2917 κακῷ.
1143 2874 1359 2906 Contrarium
1375 2878 1427 2904 est
1442 2875 1525 2907 Eur.
1541 2872 1660 2905 Bacch.
1684 2870 1772 2905 1237

252 2933 402 2976 δύστην’
431 2933 582 2975 ἀλήθει’,
610 2935 661 2974 ὡς
687 2934 726 2967 ἐν
754 2934 797 2967 οὐ
825 2937 940 2978 καιρῷ
968 2933 1086 2976 πάρει.
