2006 3327
922 158 965 195 19

183 279 350 318 κτανεῖν
382 280 392 316 i
438 293 470 317 e.
508 276 579 317 σοὶ
608 276 938 326 ε’σαφιγμένους.
992 279 1148 315 Eadem
1183 278 1271 326 lege
1301 273 1371 316 σοί
1394 275 1510 316 ἐστιν
1536 279 1572 313 in
1605 275 1707 317 σού-

182 345 276 386 στίν
307 354 347 384 et
377 345 444 395 μοί
472 345 588 385 ἐστιν
618 346 658 381 in
689 343 866 392 μούστίν
897 353 1057 383 coeunt.
1127 346 1328 383 Ceterum
1365 343 1704 394 εἰσαφικνεῖσθαι

183 415 423 453 vocabulum
458 413 508 449 ab
540 413 732 461 Euripide
763 414 954 450 Androni.
987 426 1020 451 v.
1055 414 1102 450 123
1142 420 1182 450 et
1214 413 1364 450 Troad.
1402 425 1435 452 v.
1469 414 1550 462 490
1593 425 1705 449 usur-

182 488 322 531 patum
354 487 429 518 est.

314 547 474 585 Subicio
497 546 684 595 Cyclopis
717 559 852 583 versus
877 548 952 584 336
977 559 1049 596 sq„
1083 554 1124 583 ut
1155 548 1194 583 in
1227 548 1330 584 libris
1362 547 1497 596 scripti
1531 554 1705 590 exstant:

379 611 439 661 ὡς
467 613 544 652 τοῦ
575 613 685 652 πιεῖν
713 624 761 659 γε
791 611 859 651 καὶ
890 613 1046 661 φαγεῖν
1077 609 1202 661 τούφ’
1234 611 1396 662 ἡμέραν

379 680 490 728 Ζεὺς
522 677 650 729 οὗτος
684 678 945 728 ἀνθρώποισι
975 680 1086 719 τοῖσι
1117 679 1357 728 σώφροσιν.

183 750 276 795 Quo
307 750 396 786 loco
416 748 600 785 Reiskius
629 754 737 784 certa
760 748 1049 784 emendatione
1070 745 1285 796 τούμπιεῖν
1308 750 1529 795 revocavit;
1565 761 1706 786 vereor

181 823 316 854 autem
347 829 398 853 ne
429 816 592 852 dicendi
633 817 896 864 aequabilitas
936 818 1114 865 postulet
1156 823 1197 854 ut
1239 818 1334 853 item
1372 815 1440 856 καὶ
1480 818 1636 867 φαγεῖν
1667 819 1706 854 in

179 880 417 933 κάμφαγεῑν
446 891 658 920 mutemus.
720 885 800 920 Sed
840 896 889 920 ne
929 896 1090 921 erascos
1126 885 1220 921 vitia
1249 885 1287 921 in
1318 886 1404 922 sola
1437 884 1614 934 Cyclope
1646 885 1704 921 in-

180 937 402 998 vestigasse
434 951 582 994 videar,
614 957 772 999 praesto
805 959 868 987 est
899 964 1033 988 versus
1060 951 1255 989 Hecubae
1289 954 1392 990 1215

443 1014 534 1056 ἀλλ’
564 1014 669 1066 ἡνίχ’
701 1016 818 1066 ἡμεῖς
850 1015 985 1057 οὐκέτ’
1020 1016 1149 1066 ἐσμὲν
1180 1017 1226 1057 ἐν
1257 1017 1358 1068 φάει

442 1087 588 1137 καπνῷ
619 1083 655 1123 δ”
687 1082 862 1132 ἐσήμην’
894 1082 1001 1123 ἄστυ
1033 1083 1246 1133 πολεμίων
1276 1083 1359 1125 ὕπο
1387 1107 1438 1113 —-

179 1151 323 1189 Latere
354 1152 605 1200 suspicabar:
636 1148 843 1190 κάπώλεθ’
864 1148 877 1174 ¹
907 1150 1003 1200 ἡμῖν
1026 1149 1133 1190 ἄστυ
1157 1150 1372 1199 πολεμίων
1403 1150 1500 1192 ὕπο.
1563 1155 1705 1191 Restat

180 1225 235 1268 ut,
267 1220 474 1267 quomodo
507 1231 656 1264 versus,
687 1233 710 1256 a
742 1232 821 1269 quo
853 1232 1017 1256 exorsus
1050 1232 1147 1256 sum.
1193 1221 1454 1269 corrigendus
1487 1233 1581 1257 esse
1611 1223 1708 1259 mihi

181 1286 374 1335 videatur,
406 1287 446 1323 in
476 1287 553 1324 fine
581 1287 697 1322 huius
731 1287 1017 1335 disputationis
1051 1287 1244 1324 indicem:

444 1350 522 1391 κάκ
552 1353 628 1392 τοῦ
659 1350 886 1392 Μενέλεων
917 1350 1033 1401 οὔτις
1065 1350 1140 1392 εἶδ’
1175 1351 1439 1403 ἀφιγμένον;

181 1422 264 1458 Fac
293 1427 442 1470 poetae
472 1419 518 1460 ἐκ
551 1421 626 1460 τοῦ
659 1428 700 1457 et
730 1418 774 1459 ἐκ
797 1420 923 1460 τοῦδε
946 1421 1095 1470 pariter
1125 1428 1342 1471 acceptum
1367 1423 1510 1462 fuisse:
1541 1438 1591 1462 ne
1622 1432 1704 1462 tum

181 1488 343 1536 quidem
368 1488 603 1536 elegantiae
635 1489 764 1537 gratia
796 1501 875 1526 non
908 1490 1070 1526 dederit
1101 1491 1211 1539 quod
1242 1502 1318 1538 ego
1351 1493 1552 1540 proposui.

313 1623 530 1671 Postquam
552 1623 759 1660 Menelaus
792 1623 940 1660 nullum
972 1624 1106 1660 adhue
1137 1625 1328 1661 indicium
1360 1626 1434 1662 sibi
1462 1628 1699 1675 apparuisse

181 1689 413 1740 declaravit,
460 1702 540 1739 quo
587 1701 679 1726 usus
725 1697 835 1726 certo
873 1697 995 1740 atque
1033 1692 1196 1729 indubie
1238 1704 1403 1729 uxorem
1443 1702 1699 1741 agnosceret,

181 1744 246 1794 illa
275 1762 318 1793 ut
347 1763 535 1794 accurate
566 1769 609 1793 se
639 1757 820 1806 aspiciat,
853 1757 1035 1794 hortatur
1069 1758 1159 1797 Hel,
1193 1772 1225 1796 v.
1259 1761 1362 1797 578:

379 1822 561 1872 σκέψαι·
595 1822 632 1862 τί
662 1832 742 1865 σου
773 1824 835 1863 δεῖ
866 1822 926 1873 τίς
959 1822 1051 1864 ἔστι
1082 1834 1164 1864 σου
1196 1825 1464 1877 σοφώτερος.

181 1893 388 1942 Adscripsi
417 1904 587 1941 versum,
621 1898 662 1928 ut
697 1893 734 1928 in
764 1893 905 1929 codice
936 1893 1209 1931 Laurentiano
1242 1901 1428 1932 exaratus
1457 1904 1530 1939 est,
1563 1905 1702 1945 aperte

181 1965 412 2008 corruptum
448 1967 488 1996 et
517 1972 638 2008 quem
659 1960 770 1996 multi
800 1961 931 1996 multis
953 1962 1085 1997 modis
1109 1963 1326 1998 emendare
1349 1963 1484 1999 eonati
1516 1964 1593 2000 sint
1625 1977 1702 2001 nec

181 2033 317 2064 tamen
348 2027 588 2078 emendasse
617 2027 840 2065 videantur.
902 2027 1058 2076 Nempe
1081 2029 1111 2064 is
1132 2041 1268 2066 versus
1298 2030 1451 2066 ratione
1483 2031 1703 2068 admodum

181 2094 348 2143 simplici
377 2094 417 2130 in
447 2095 629 2131 ordinem
655 2095 783 2142 redigi
805 2101 951 2143 potest³
986 2096 1095 2132 nulla
1117 2097 1246 2134 littera
1270 2104 1437 2145 mutata,
1472 2110 1562 2146 una,
1595 2110 1701 2147 quae

179 2174 307 2211 prono
337 2173 470 2199 errore
501 2162 670 2211 irrepsit,
703 2163 858 2200 eiecta:

234 2227 411 2277 σκέψαι·
443 2226 518 2278 τίς,
549 2226 600 2267 οὗ
632 2228 670 2277 (i.
703 2242 735 2266 e.
768 2227 850 2277 ubi)
881 2230 954 2277 δεῖ,
987 2229 1048 2279 τίς
1080 2228 1138 2270 ἔτι
1171 2232 1251 2270 σοιῖΙ
1282 2229 1592 2281 σοφώτερος2;

313 2317 325 2340 ¹
349 2324 386 2352 ut
412 2320 469 2351 hic
495 2320 522 2353 Λ
550 2326 583 2351 et
610 2321 655 2361 Δ,
693 2321 740 2352 ita
766 2321 792 2354 Λ
820 2327 854 2353 et
880 2322 907 2355 Α
935 2322 1095 2354 confusas
1127 2334 1224 2355 sumo
1251 2325 1358 2367 Soph.
1387 2304 1427 2358 0ss
1456 2326 1493 2360 C.
1526 2326 1627 2366 1025,
1670 2329 1697 2359 si

182 2378 319 2420 quidem
343 2379 581 2412 scribendum:
609 2379 700 2413 κούκ
719 2379 834 2413 ἀλαὸν
858 2381 983 2422 (ἄλλον
1000 2382 1051 2421 ll.)
1070 2382 1159 2422 ἕξεις
1177 2383 1227 2423 εἰς
1245 2382 1337 2417 τάδ’.
1388 2385 1500 2416 Caeco
1525 2386 1701 2428 Oedipodi

180 2436 268 2467 bene
292 2436 464 2469 oculatum
488 2438 646 2470 Theseus
672 2449 749 2471 sese
777 2441 935 2482 opponit,
964 2446 996 2472 et
1023 2441 1100 2472 vide
1127 2453 1214 2483 quae
1242 2448 1449 2485 sequantur:

709 2499 759 2539 ὡς
785 2499 906 2533 ἔξοιδα
932 2509 972 2534 σε

444 2556 488 2589 οὺ
513 2556 623 2598 ψιλὸν
650 2557 728 2590 οὐδ’
758 2558 918 2592 ἄσκευον
945 2558 995 2599 εἰς
1022 2559 1172 2601 τοσήνδ7
1205 2560 1308 2603 ὕβριν

446 2614 587 2656 ἥκοντα
613 2615 751 2658 τόλμης
775 2618 843 2658 τῆς
867 2618 1114 2660 παρεστώσης
1140 2619 1186 2652 τὰ
1213 2622 1292 2659 νῦν,

444 2672 520 2707 ἀλλ’
548 2674 623 2707 ἔσθ’
649 2674 726 2718 ὅτῳ
755 2676 799 2708 σὺ
827 2675 956 2716 πιστὸς
985 2676 1038 2710 ὢν
1067 2677 1174 2720 ἔδρας
1201 2678 1309 2712 τάδε’

444 2731 467 2764 ἃ
493 2732 561 2766 δεῖ
587 2733 628 2773 μ’
657 2733 854 2777 ἀθρῆσαι
883 2753 923 2758 —-
953 2754 995 2758 —

313 2786 329 2810 ‘-’·
353 2789 460 2821 Plane
486 2792 608 2823 eadem
635 2793 768 2824 ratione
794 2793 927 2825 Phoen.
955 2805 1004 2826 VS.
1034 2794 1102 2827 s·2.‘›
1131 2796 1354 2830 restituerim:
1395 2798 1561 2840 διδύμων
1587 2800 1700 2834 ποτά-

182 2857 262 2887 μων
287 2848 405 2890 πόρον
431 2848 524 2892 ἀμφὶ
549 2849 674 2894 μέσον,
704 2852 709 2892 Ι
744 2850 863 2894 Δίρκα
889 2850 1044 2895 (Δίρκας
1069 2853 1117 2893 ll.)
1143 2855 1422 2898 χλοεροτρόφον
1450 2857 1472 2900 ᾇ
1498 2856 1555 2901 (z
1576 2858 1598 2902 ᾗ
1627 2859 1699 2896 ubi,

183 2905 206 2939 ἃ
229 2906 272 2951 Α)
298 2906 426 2941 πεδίον
461 2908 466 2943 l
500 2909 649 2952 πρόπαρ
676 2907 843 2954 Ἰσμηνοῦ
871 2911 1074 2946 καταδεύει.
