2006 3327
930 156 951 190 7

176 273 296 311 Unde
334 279 504 321 apparet
534 273 767 319 Euripidem
807 278 901 319 post
937 270 1013 309 οὐκ
1049 269 1165 309 ἐστιν
1204 272 1404 320 asyndeta
1434 273 1699 319 quaesivisse,

176 347 285 378 certe
316 340 533 389 particulas
565 338 840 375 adversativas
870 338 1056 375 evitasse.
1116 337 1201 375 Nec
1233 339 1368 375 obstat
1400 339 1565 387 Hippol.
1592 342 1670 377 593

373 403 450 445 οὐκ
480 403 588 444 ἔστι·
622 402 689 443 καὶ
719 402 827 453 πρός
860 401 895 451 γ’
930 403 1060 443 ἐξελῶ
1093 413 1180 453 σφε
1212 405 1342 452 τῆσδε
1373 407 1465 454 γῆς,

176 474 369 524 quoniam
398 470 572 519 καί-γέ
604 471 714 508 hausl
743 473 799 508 ita
837 473 891 508 ad
931 484 1087 508 conexa
1125 473 1252 520 magis
1289 473 1531 520 copulanda,
1580 486 1702 521 quam

175 543 228 578 ad
272 538 380 590 πρός
426 539 568 576 fortius
618 539 873 587 urguendum
920 539 1121 575 adscitum
1168 539 1335 577 videtur.
1413 540 1535 576 Plena
1571 541 1700 577 oratio

175 610 353 646 debebat
390 620 481 645 esse
518 606 639 644 haec:
686 602 763 644 οὐκ
801 603 932 655 ἔστιν,
977 602 1084 644 ἀλλὰ
1124 604 1191 644 καὶ
1227 605 1334 655 πρὸς
1376 603 1412 652 γ’
1446 605 1574 646 ἐξελῶ
1615 615 1701 656 σφε

173 676 305 723 τῆσδε
336 674 427 722 γῆς.

310 741 450 779 Paullo
483 741 642 777 diversa
673 752 735 777 res
767 747 827 778 est
858 741 896 776 in
929 740 1120 788 diverbio,
1170 742 1282 790 quod
1321 747 1454 777 exstat
1484 741 1632 779 Electr.
1667 755 1701 778 v.

179 810 282 848 1058
305 821 375 857 sq„
407 820 526 856 quem
559 808 691 844 locum
723 813 852 844 totum
884 807 1105 845 exhibebo:

259 873 337 915 ΗΛ.
370 871 452 924 ἆρα
482 872 687 923 κλύουσα,
719 875 861 924 μῆτερ,
894 871 964 913 εἶτ’
998 871 1132 923 ἔρξεις
1165 874 1323 922 κακῶς;

264 938 348 982 ΚΛ.’
371 939 449 981 οὐκ
480 939 590 981 ἔστι·
622 943 671 993 τῇ
705 943 760 993 σῇ
792 940 828 980 δ’
861 939 940 990 ἡδὺ
971 939 1209 990 προσθήσω
1240 939 1376 990 φρενί.

260 1007 339 1048 ΗΛ.
371 1007 529 1057 λέγοιμ’
561 1005 632 1047 ἄν·
665 1005 771 1057 ἀρχὴ
805 1005 840 1047 δ’
872 1005 948 1056 ἥδε
979 1019 1046 1056 μοι
1076 1005 1317 1056 προοιμίου.

175 1078 308 1115 Primo
340 1089 456 1114 versu
488 1078 627 1114 vitium
659 1077 798 1114 haeret
829 1077 1006 1126 plurimis
1037 1077 1280 1114 coniecturis
1312 1083 1575 1125 temptatum3
1606 1089 1700 1113 nam

174 1145 222 1184 κλ
254 1156 457 1182 consonas
487 1145 733 1193 positionem
762 1157 843 1181 non
876 1144 1037 1180 efficere
1061 1145 1285 1193 Elmsleyus
1315 1145 1629 1193 demonstravit3
1662 1145 1701 1180 in

172 1213 299 1250 altero
337 1224 448 1249 versu
488 1212 599 1260 quod
638 1209 684 1250 δέ
722 1218 817 1260 post
855 1208 932 1249 οὐκ
971 1208 1088 1250 ἔστιν
1130 1219 1366 1260 usurpatum
1411 1212 1578 1255 invenis,
1622 1212 1701 1249 alia

171 1279 358 1327 exempla
389 1279 534 1315 frustra
572 1278 871 1326 circumspicies
903 1290 1036 1326 neque
1073 1279 1114 1314 id
1152 1279 1306 1328 mirum,
1353 1279 1447 1327 quia
1487 1276 1533 1317 δέ
1576 1280 1699 1327 parti-

171 1347 288 1382 culae
323 1357 418 1382 usus
461 1345 511 1381 ab
552 1346 811 1394 oppositione
852 1351 932 1381 tam
974 1345 1201 1382 vehementi
1245 1346 1399 1381 alienus
1439 1346 1613 1394 vidctur3
1658 1346 1699 1382 in

171 1413 287 1450 tertio
319 1412 495 1461 denique
526 1413 632 1448 mala
664 1425 759 1449 crux
810 1413 899 1448 viris
937 1413 1068 1449 doctis
1105 1413 1259 1449 exstitit
1288 1408 1521 1450 ‘exordium
1552 1426 1698 1463 prooe-

169 1477 298 1519 mii'l.
360 1479 502 1528 Neque
534 1492 647 1525 vero,
695 1486 736 1516 ut
777 1480 910 1516 [licam
947 1480 1042 1528 quid
1083 1481 1268 1525 sentiam,
1315 1486 1394 1516 tres
1432 1481 1530 1516 istos
1563 1494 1697 1518 versus

171 1548 220 1585 ab
253 1547 446 1597 Euripide
478 1547 713 1584 abiudicare
748 1548 903 1590 dubito,
945 1547 1180 1595 praesertim
1215 1560 1301 1584 cum
1341 1546 1435 1583 nihil
1477 1548 1569 1584 novi
1607 1560 1698 1584 sen-

170 1616 323 1652 tentiae
355 1611 556 1653 addant2.
618 1614 733 1651 Haec
764 1614 871 1650 enim
900 1615 1171 1663 praecedunt:

257 1679 336 1721 ΗΛ.
369 1679 573 1730 μέμνησο,
607 1681 749 1730 μῆτερ,
782 1679 857 1729 οὒς
889 1679 1038 1730 ἔλεξας
1072 1679 1286 1730 ὑστάτους

370 1746 542 1798 λόγους,
575 1748 755 1787 διδοῦσα
786 1745 896 1797 πρός
928 1747 979 1787 σε’
1010 1760 1079 1796 μοι
1109 1746 1363 1798 παρρησίαν.

264 1812 342 1855 ΚΛ.
375 1813 443 1854 καὶ
473 1815 552 1854 νῦν
582 1813 630 1862 γε’
661 1827 767 1864 φημι
798 1813 900 1854 κούκ
931 1813 1212 1865 ἀπαρνοῦμαι,
1244 1814 1404 1854 τεκνον.

170 1883 312 1932 Itaque
336 1883 422 1919 sine
453 1895 566 1919 mora
597 1894 764 1931 pergere
795 1888 957 1930 poterat
988 1883 1170 1920 Electra:

369 1947 443 1988 εἴθ’
477 1946 597 1998 εἶχες,
630 1945 664 1987 ὦ
695 1949 895 1993 τεκοῦσα,
929 1947 1121 1999 βελτίους
1153 1948 1318 1998 φρένας
1350 1956 1427 1989 ete.

173 2016 429 2066 Quamquam
459 2016 542 2054 scio
579 2016 663 2053 fore
696 2017 763 2065 qui
805 2029 885 2053 uon
923 2017 1095 2054 libenter
1126 2018 1221 2065 eripi
1260 2018 1334 2054 sibi
1366 2018 1571 2066 patiantur
1602 2018 1699 2054 illud

170 2085 220 2136 τῇ
258 2085 314 2135 σῇ
354 2084 388 2123 δ’
419 2080 498 2132 ἡδὺ
536 2081 773 2132 προσθήσω
816 2082 952 2133 φρενί,
1002 2097 1082 2134 qua
1128 2085 1411 2122 adfirmatione
1453 2085 1699 2135 Euripideae

171 2151 514 2200 Clytaemnestrae
536 2163 669 2187 mores
692 2151 857 2199 egregie
887 2152 1053 2200 depingi
1077 2152 1356 2190 autumabunt.
1417 2151 1519 2206 Cum
1551 2153 1696 2200 quibus

171 2219 211 2255 in
243 2231 401 2256 cassum
435 2231 618 2268 pugnare
649 2218 764 2264 nolo3
813 2219 928 2255 velim
960 2220 1083 2255 modo
1115 2225 1322 2268 reputetur
1354 2219 1484 2256 foedis
1520 2219 1580 2256 his
1613 2232 1700 2256 ver-

171 2285 279 2323 sibus
311 2287 508 2335 exemptis
547 2292 609 2323 sat
647 2286 795 2322 multos
834 2286 1015 2335 relinqui,
1068 2287 1212 2335 quibus
1244 2287 1352 2324 idem
1388 2286 1596 2336 praeclare
1628 2299 1699 2336 ap-

172 2358 323 2401 pareat.

305 2421 450 2457 Restat
488 2427 533 2457 ut
574 2421 841 2458 diiudicemus
887 2433 1042 2458 versum
1081 2420 1216 2458 Orest.
1253 2420 1369 2459 1097.
1436 2420 1571 2457 Verba
1608 2427 1700 2458 sunt

174 2486 348 2535 Pyladis,
395 2487 461 2535 qui
492 2488 677 2524 oratione
707 2488 929 2537 praemissa
961 2487 1044 2524 fieri
1073 2499 1296 2536 numquam
1335 2500 1456 2535 posse
1485 2487 1698 2536 praedica-

173 2559 296 2598 verat,
342 2559 386 2590 ut
426 2554 598 2591 amicum
637 2555 804 2604 eiusque
843 2566 1021 2592 sororem
1061 2555 1262 2602 proderet.
1324 2555 1575 2601 Quibuscum
1607 2554 1698 2603 Cly-

306 2728 318 2752 1
345 2732 504 2763 Ceterum
530 2732 712 2774 persimilis
740 2737 792 2764 est
819 2744 935 2765 versus
961 2733 1074 2775 Iphig.
1103 2735 1204 2766 Taur.
1231 2733 1317 2766 939:

441 2789 578 2831 λέγοιμ’
607 2791 667 2824 ἄν·
694 2791 802 2834 ἀρχαὶ
829 2790 860 2824 δ’
888 2791 968 2825 αἵδε
995 2802 1054 2832 μοι
1081 2793 1231 2825 πολλῶν
1256 2791 1396 2835 πόνων,

174 2858 278 2890 quem
304 2848 448 2880 forsitan
474 2849 510 2880 in
536 2860 636 2881 usum
663 2861 763 2882 suum
789 2850 1032 2892 interpolator,
1059 2850 1086 2881 si
1113 2850 1252 2892 quidem
1279 2851 1353 2889 fuit,
1379 2852 1593 2884 converterit.

305 2904 321 2928 ²
346 2907 425 2939 vide
451 2907 644 2941 Wilamov.
671 2908 847 2940 Herakles
873 2910 890 2940 1
916 2920 948 2951 p.
977 2908 1045 2942 218
1070 2910 1159 2949 (cum
1187 2909 1304 2942 adnot.
1334 2909 1426 2952 197).
