2006 3327
914 191 959 226 27

179 310 357 357 singulas
388 321 509 346 voces
540 309 676 365 artius
697 321 788 345 esse
821 311 1044 358 copulatas,
1077 315 1196 359 atque
1229 311 1282 346 ita
1314 317 1356 346 ut
1379 310 1502 346 dictio
1534 310 1595 345 vel
1628 322 1696 346 ea-

178 377 273 414 dem
304 377 362 412 vel
394 376 601 425 persimilis
639 377 737 413 locis
771 377 1039 426 compluribus
1070 378 1229 424 redeat3
1269 378 1394 414 multo
1430 378 1553 413 rarius
1586 383 1695 413 totae

177 444 474 481 enuntiationes
511 455 644 491 neque
686 457 758 481 eae
799 445 997 492 longiores
1040 444 1188 492 duplici
1227 442 1294 482 καί
1325 445 1427 481 inter
1457 456 1499 480 se
1534 445 1696 480 iunctae

177 517 402 554 occurrunt,
440 510 673 558 praesertim
705 524 796 547 cum
829 517 1016 559 quattuor
1055 512 1121 548 illa
1161 512 1343 559 exempla
1375 512 1594 560 exceperis,
1626 511 1696 547 ubi

177 574 390 617 κᾶν-κᾶν
435 577 473 613 in
520 579 727 615 enuntiato
771 579 1011 615 secundario
1048 586 1269 626 usurpatur.
1330 578 1468 620 Porro,
1511 579 1553 615 id
1584 579 1696 627 quod

178 656 267 681 cum
295 650 380 681 arte
411 644 633 681 iamborum
656 646 872 694 Euripidea
905 646 1054 694 optime
1085 646 1285 689 convenit,
1318 652 1453 695 poeta,
1485 646 1581 682 dum
1614 645 1697 682 sin-

177 712 272 759 gula
307 713 429 748 verba
459 713 518 749 vel
550 714 758 749 enuntiata
790 714 871 749 duo
903 713 1037 749 brevia
1070 713 1145 749 hoc
1177 714 1301 749 modo
1333 713 1622 762 complectitur,
1653 712 1695 748 id

177 779 332 815 videtur
362 779 504 826 egisse,
537 786 579 815 ut
608 791 688 815 uno
719 780 894 816 trimetro
925 779 1144 828 geminatio
1176 769 1462 827 contineretur,
1497 780 1607 816 cuius
1640 780 1695 816 le-

175 846 248 895 gis,
278 846 354 882 nisi
384 846 508 893 fallor,
543 847 599 883 bis
631 854 786 884 tantum
823 847 999 893 tragicus·
1042 848 1250 883 immemor
1290 847 1361 883 fuit
1392 848 1431 883 in
1463 847 1603 883 fabulis
1634 859 1695 894 re-

176 914 431 959 centissimis3
479 920 620 950 neutra
659 927 753 951 vero
792 915 977 962 exceptio
1017 914 1184 950 defendi
1228 915 1379 963 nequit7
1427 914 1617 962 quoniam
1655 915 1694 950 in

177 981 352 1017 versibus
384 995 404 1016 e
437 981 588 1018 Plioen.
622 981 756 1018 fabula
787 982 931 1018 adlatis
961 979 1076 1029 (495)
1108 981 1276 1022 alterum
1308 978 1375 1019 καί
1406 994 1494 1018 cum
1523 994 1595 1018 suo
1627 994 1695 1018 vo-

178 1047 322 1084 cabulo
354 1049 573 1085 clausulam
596 1049 739 1085 senarii
770 1055 955 1099 occupat,
987 1050 1151 1085 alterum
1173 1049 1211 1084 in
1243 1049 1375 1097 capite
1407 1050 1502 1093 eius,
1535 1049 1602 1097 qui
1633 1061 1696 1085 se-

177 1115 319 1165 quitur,
356 1116 531 1164 positum
563 1124 637 1159 est,
677 1123 719 1152 ut
758 1129 838 1152 uno
876 1124 1016 1152 tenore
1057 1117 1184 1152 oratio
1230 1117 1439 1164 procedat⁷
1482 1117 1520 1152 in
1551 1116 1696 1153 Oreste

176 1189 312 1219 autem
345 1181 458 1230 (307)
497 1183 646 1220 locutio
688 1184 791 1220 redit
826 1184 1031 1220 tritissima
1074 1181 1140 1221 καὶ
1170 1181 1439 1222 Θανεῐνψ-καὶ
1469 1184 1554 1230 Ζῆν,
1587 1183 1695 1219 unde

179 1249 412 1296 κατθανεῖν,
447 1251 558 1298 quod
592 1251 632 1286 in
669 1252 777 1287 bono
823 1251 962 1287 codice
1002 1251 1213 1295 invenitur,
1246 1251 1532 1287 commendare
1561 1250 1692 1287 nolim.

177 1316 326 1354 Verum
349 1325 462 1354 erunt
486 1317 655 1354 fortasse
674 1318 740 1366 qui
762 1317 936 1354 Medeae
966 1329 1103 1354 versus
1137 1319 1240 1355 1358
1275 1330 1332 1367 sq.
1366 1318 1609 1366 oppressisse
1630 1329 1695 1353 me

177 1369 424 1423 insimulent:

417 1449 526 1499 πρὸς
558 1451 690 1490 ταῦτα
722 1450 789 1490 καὶ
816 1449 1002 1497 λέαιναν,
1036 1449 1070 1490 εἰ
1103 1449 1256 1501 βούλει,
1288 1448 1416 1496 κάλει,

416 1517 483 1557 καὶ
514 1517 719 1563 Σκύλλαν,
753 1517 776 1567 ἢ
809 1517 1036 1567 Τυρσηνὸν
1068 1518 1236 1570 ᾤκησεν
1268 1517 1410 1558 πέδον.

173 1587 245 1624 Est
274 1587 348 1631 ita;
397 1587 582 1624 consulto
621 1599 756 1623 versus
805 1587 893 1623 illos
933 1587 1059 1631 omisi,
1100 1588 1193 1636 quia
1233 1587 1339 1636 prius
1376 1585 1442 1626 καί
1476 1601 1565 1624 cum
1604 1588 1694 1625 sorti

175 1655 482 1703 exaggeratione
513 1655 763 1691 enuntiatum
796 1666 887 1691 csse
919 1655 1150 1699 arbitrabar,
1197 1667 1315 1703 quam
1357 1656 1588 1704 opinionem
1624 1668 1694 1692 ne-

174 1733 253 1770 que
283 1722 419 1769 probis
452 1722 695 1769 argumentis
727 1722 886 1758 destitui
926 1723 1114 1759 videbam
1154 1734 1286 1771 neque
1317 1719 1393 1759 alia
1424 1723 1636 1765 editorum,
1667 1723 1698 1759 si

173 1789 278 1826 bene
309 1789 495 1833 aestimo,
526 1791 805 1838 plerorumque
841 1790 1045 1826 sententia
1070 1790 1093 1828 ¹.
1153 1790 1234 1826 Sed
1258 1797 1298 1826 ut
1322 1791 1360 1826 in
1382 1791 1485 1826 viam
1508 1797 1695 1837 revertar,

175 1857 331 1894 tertium
363 1857 412 1893 ab
443 1856 648 1904 Euripide,
688 1857 755 1892 ubi
798 1853 865 1894 καί
897 1856 1125 1905 duplicavit,
1165 1857 1206 1892 id
1237 1863 1398 1893 cautum
1430 1868 1520 1892 esse
1551 1857 1696 1900 elucet,

172 1937 224 1961 ne
253 1923 448 1973 particula
480 1929 650 1971 utraque
680 1923 730 1964 ab
760 1936 810 1959 eo
846 1924 1056 1965 vocabulo,
1088 1935 1167 1971 quo
1202 1924 1384 1972 pertinet,
1416 1936 1604 1972 umquam
1637 1925 1698 1960 di-

173 1991 402 2037 velleretur3
451 1991 518 2039 qui
556 1997 680 2039 poeta
723 1991 764 2027 id
807 2002 969 2039 quoque
1010 1991 1104 2039 egit,
1149 1998 1204 2033 ut,
1248 1992 1278 2027 si
1313 1991 1393 2027 fieri
1425 1997 1577 2038 posset,
1612 1990 1696 2027 sine

151 2059 250 2096 ·ullo
280 2059 492 2095 intervallo
524 2058 645 2094 verba
676 2058 823 2106 duplici
861 2055 928 2096 καί
963 2058 1176 2094 coniuncta
1197 2069 1288 2094 sese
1311 2058 1555 2106 exciperent.
1614 2057 1698 2093 De-

170 2127 291 2175 nique
321 2137 519 2175 nusquam
551 2137 771 2174 synonyma
807 2123 998 2164 καί-καί
1030 2126 1219 2168 conectit,
1254 2126 1327 2162 ‚sed
1358 2126 1535 2163 diversa:
1567 2125 1697 2162 vivere

121 2222 123 2224 -
172 2200 214 2230 et
243 2194 357 2238 mori,
388 2199 579 2242 parentes
611 2199 649 2230 et
681 2193 840 2240 liberos,
887 2194 1089 2241 sapientes
1128 2200 1167 2230 et
1207 2193 1409 2237 indoctos,
1447 2192 1624 2240 singulos
1657 2199 1697 2229 et

176 2259 393 2305 universos,
425 2261 515 2298 alia.

300 2327 384 2365 Iam
415 2329 542 2365 adeas
571 2329 689 2365 velim
721 2329 867 2366 Electr.
899 2330 980 2366 610
1012 2340 1068 2376 sq.

434 2391 480 2433 ἐν
509 2393 614 2443 χειρὶ
643 2396 693 2445 τῇ
726 2396 784 2445 σῇ
816 2392 938 2434 πάντ’
971 2392 1082 2443 ἔχεις
1116 2393 1182 2433 καὶ
1211 2396 1260 2445 τῇ
1293 2392 1393 2447 τύχῃ

430 2464 630 2515 πατρῷον
660 2459 780 2501 οἷκον
815 2461 882 2501 καὶ
913 2460 1036 2501 πόλιν
1071 2463 1214 2511 λαβεῖν
1246 2461 1385 2510 σέθεν,

170 2541 273 2579 quos
310 2541 430 2566 nemo
465 2531 611 2574 adhuc,
651 2531 760 2579 quod
800 2531 939 2574 sciam,
981 2531 1217 2567 sollicitavit.
1277 2530 1357 2567 Sed
1397 2527 1464 2568 καὶ
1504 2531 1552 2581 τῇ
1590 2527 1693 2581 τύχῃ

171 2603 375 2646 tamquam
407 2609 456 2634 ea
486 2596 621 2645 figura,
657 2610 778 2646 quam
808 2596 854 2636 ἓν
898 2596 965 2636 διὰ
1007 2597 1127 2636 δυοῖν
1160 2604 1318 2642 vocant,
1351 2598 1402 2634 ad
1433 2595 1479 2636 ἐν
1512 2594 1617 2646 χειρὶ
1644 2598 1694 2647 τῇ

169 2664 225 2714 σῇ
257 2664 377 2700 verba
408 2664 565 2701 trahere
597 2670 735 2713 aperte
768 2671 961 2714 vetamur,
992 2671 1209 2714 postquam
1231 2665 1291 2701 dis
1323 2665 1504 2714 propitiis
1541 2664 1694 2702 Phoen.

172 2742 308 2767 versus
343 2732 448 2768 1430
480 2729 560 2770 σὺν
590 2729 790 2783 παρθένῳ
820 2742 865 2770 τε
903 2729 970 2770 καὶ
1003 2729 1216 2783 προθυμίᾳ
1255 2730 1391 2780 ποδός
1423 2745 1471 2769 ex
1500 2732 1693 2780 Euripide

174 2798 359 2846 expulsus
391 2804 466 2842 est,
496 2810 628 2847 neque
662 2799 825 2835 omnino
848 2799 1048 2836 Graecum
1079 2799 1280 2836 hominem
1311 2800 1457 2836 dixisse
1486 2799 1688 2837 existimo:

304 2940 316 2964 1
342 2941 471 2973 Eadem
499 2952 553 2974 res
580 2947 634 2974 est
660 2944 733 2976 Ion.
762 2942 832 2976 850
851 2953 898 2984 sq.
