2006 3327
1037 228 1082 262 22

303 346 487 394 Namque
529 352 567 382 et
609 345 719 381 liberi
761 357 784 381 a
822 350 936 392 patre
977 345 1190 380 crudeliter
1230 345 1347 381 occisi
1382 351 1487 381 recte
1533 341 1612 391 ἄγη
1651 340 1813 392 πατρός

303 414 471 450 audiunt
509 426 580 450 uec
618 413 747 448 minus
785 418 892 447 recte
929 411 1031 447 haec
1067 411 1224 447 macula
1262 404 1430 447 difficilis
1472 412 1524 447 ad
1560 411 1814 447 tolerandum

303 486 481 517 vocatur.

432 548 589 594 Agmen
630 546 793 582 claudat
831 545 1076 593 tragicorum
1121 545 1305 593 princeps
1344 546 1574 594 Aeschyius,
1625 545 1735 581 cuius
1778 544 1816 580 in

302 616 604 663 Agamemnone
644 624 801 648 versum
842 614 919 650 354
960 613 1136 660 plerique
1180 618 1272 660 post
1310 612 1535 661 Stanleyum
1575 612 1652 648 hoc
1691 611 1815 648 modo

303 681 573 719 constituunt:

697 744 807 794 Διὸς
837 743 1003 792 πλαγὰν
1035 742 1208 793 ἔχουσιν
1240 742 1382 784 εἰπεῖν.

300 815 459 852 Etenim
491 826 580 850 cum
611 814 648 849 in
681 813 907 850 Marciano:

695 878 805 929 Διὸς
838 878 1005 926 πλαγὰν
1038 877 1223 928 ἔχουσαν
1256 876 1384 918 εἰπεῖν

306 962 354 985 ex
372 949 470 985 mira
490 948 715 997 corruptela
735 953 933 995 repertum
953 953 1070 993 essct,
1103 946 1275 983 fortasse
1296 949 1479 985 consulto
1501 949 1685 986 homines
1707 951 1816 986 docti

300 1028 443 1053 cavere
461 1028 511 1052 ne
528 1020 803 1064 proponerent
818 1015 1043 1063 proximum
1061 1015 1158 1050 illud
1177 1014 1351 1063 quidem,
1384 1016 1493 1063 quod
1516 1016 1592 1052 iam
1609 1028 1813 1065 propono:

695 1078 803 1128 Διὸς
835 1079 999 1126 πλαγὰν
1032 1078 1174 1128 ἕχουσ’
1209 1077 1391 1120 ἀνειπεῖν

296 1145 457 1187 ‘Cladis
489 1161 512 1185 a
544 1148 639 1186 Iove
670 1155 863 1196 acceptae
894 1155 1065 1196 possunt
1097 1159 1186 1184 esse
1214 1146 1469 1197 praecones’.
1538 1150 1648 1196 Quid
1686 1149 1813 1188 enim?

302 1217 431 1254 Troes
462 1228 531 1265 per
564 1222 691 1252 totum
722 1216 859 1251 orbem
892 1221 1081 1251 terrarum
1113 1216 1283 1263 dispersi
1321 1228 1456 1252 nonne
1496 1229 1536 1254 re
1567 1229 1658 1253 vera
1690 1218 1814 1255 cladis

302 1297 397 1321 suae
429 1283 681 1321 detestabilis
711 1293 932 1331 praecones
964 1280 1229 1318 exstiterunt?

720 1401 843 1447 Quod
876 1406 1007 1436 exstat
1038 1400 1196 1438 Hercul.
1229 1401 1307 1439 585
1332 1413 1387 1449 sq.

494 1483 601 1533 πρὸς
633 1485 714 1523 σοῦ
750 1483 837 1532 μὲν,
870 1482 903 1522 ὦ
935 1483 1022 1527 παῖ,
1055 1483 1146 1532 τοῖς
1178 1482 1320 1532 φίλοις
1353 1480 1458 1522 εἶναι
1488 1482 1615 1532 φίλον

495 1549 545 1591 τά
576 1550 611 1590 τ’
644 1549 772 1600 ἐχθρὰ
804 1551 952 1599 μισεῖν,

299 1622 340 1657 id
367 1621 512 1658 rectius
540 1632 630 1657 sese
661 1619 837 1662 habebit,
869 1619 901 1654 si
922 1616 967 1656 τέ
989 1614 1059 1666 (τ’)
1082 1625 1174 1666 post
1194 1615 1336 1667 φίλοις
1358 1618 1579 1656 inserueris.
1638 1619 1810 1656 Videtur

299 1689 403 1725 enim
432 1689 508 1724 hoc
539 1689 589 1724 ab
620 1687 813 1735 Euripide
844 1698 935 1722 csse
965 1686 1221 1722 observatum
1253 1692 1307 1734 ut,
1353 1698 1440 1722 cum
1478 1686 1560 1721 duo
1600 1687 1810 1724 enuntiata

297 1757 480 1804 iungeret
509 1755 644 1803 aliquo
676 1755 800 1790 modo
832 1755 935 1790 inter
965 1765 1006 1789 se
1039 1754 1240 1802 opposita,
1287 1754 1340 1789 ad
1371 1765 1421 1789 ea
1452 1754 1705 1790 conectenda
1742 1760 1812 1790 aut

298 1823 495 1860 rarissime
539 1828 606 1859 aut
645 1833 863 1870 numquam
908 1822 1058 1857 nudam
1103 1819 1147 1859 τέ
1191 1820 1423 1870 particulam
1466 1820 1689 1864 adhiberet,
1735 1822 1811 1857 sed

296 1891 530 1938 plerumque
567 1887 613 1927 δέ
651 1890 732 1926 sive
772 1887 950 1937 μέν-δέ
991 1895 1213 1938 usurparet,
1259 1889 1345 1925 aliis
1384 1889 1478 1925 locis
1521 1887 1631 1924 haud
1670 1889 1810 1936 paucis

297 1954 443 1995 τέ-τέ
468 1953 582 2007 (καί).
641 1958 774 2005 Atque
805 1957 900 1992 illud
932 1956 1046 1992 mitto
1077 1962 1282 2003 tamquam
1313 1956 1497 1991 omnibus
1530 1956 1626 1992 satis
1657 1961 1809 2004 notum,

297 2024 373 2061 hoc
404 2024 612 2073 quomodo
645 2023 927 2072 accipiendum
961 2023 1022 2070 sit,
1063 2023 1255 2071 exemplis
1285 2022 1456 2058 maxime
1485 2022 1706 2069 insignibus
1738 2022 1810 2058 ad-

300 2091 386 2128 ]atis
416 2091 617 2128 indicabo,
678 2090 749 2126 Est
779 2091 883 2126 enim

350 2159 508 2196 Herael.
542 2159 645 2196 1044
691 2154 798 2204 ὑμᾶς
827 2155 861 2194 τ’
896 2154 1040 2203 ὀνήσω
1073 2154 1228 2194 τούσδε
1259 2168 1302 2195 τε
1336 2154 1484 2205 βλάψω
1516 2153 1667 2195 Θανών.

399 2226 534 2274 Suppl.
563 2227 642 2263 555
686 2221 870 2272 γνόντας
903 2220 979 2262 οὖν
1009 2222 1145 2272 χρεὼν
1174 2221 1275 2262 τάδε

688 2288 995 2339 ἀδικουμένους
1024 2302 1069 2329 τε
1101 2288 1244 2338 μέτρια
1275 2289 1327 2339 μὴ
1361 2292 1475 2342 Θυμῴ
1506 2289 1652 2339 φέρειν

687 2355 843 2397 ἀδικεῖν
874 2369 918 2396 τε
949 2356 1107 2396 τοιαῦθ’
1141 2353 1211 2396 οἶα
1244 2356 1295 2405 μὴ
1330 2354 1485 2406 βλάψαι
1516 2355 1649 2395 πόλιν.

332 2427 417 2475 Iph.
441 2427 530 2465 Aul.
563 2428 643 2465 920
688 2423 907 2464 ἐπίσταται
938 2423 983 2463 δὲ
1014 2424 1104 2472 τοῖς
1133 2423 1300 2463 κακοῖσί
1331 2422 1364 2462 τ’
1398 2421 1593 2473 ἀσχαλᾶν

688 2490 864 2541 μετρίως
895 2503 939 2530 τε
971 2489 1128 2540 χαίρειν
1158 2491 1294 2530 τοῖσιν
1325 2489 1653 2540 ἐξωγκωμένοις.

422 2560 531 2598 Med.
565 2561 641 2598 565
950 2557 1020 2597 σοί
1051 2570 1094 2598 τε
1125 2557 1205 2606 γὰρ
1235 2557 1396 2598 παίδων
1429 2557 1466 2597 τί
1497 2559 1569 2604 δεῖ,

688 2623 778 2674 ἐμοί
808 2637 853 2664 τε
885 2623 973 2664 λύει
1003 2625 1112 2664 τοῖσι
1145 2623 1371 2674 μέλλουσιν
1401 2623 1566 2674 τέκνοις

688 2691 739 2730 τὰ
769 2689 890 2731 ζῶντ’
922 2689 1085 2739 ὀνῆσαι,

397 2760 528 2797 orest.
563 2761 636 2797 201
688 2758 742 2797 συ
774 2771 816 2798 τε
846 2758 926 2808 γὰρ
958 2758 1003 2798 ἐν
1034 2759 1213 2808 νεκροῖς,
1245 2757 1293 2797 τό
1323 2757 1357 2797 τ’
1390 2757 1492 2807 ἐμὸν
1521 2756 1677 2807 οἴχεται

687 2824 776 2874 βίου
809 2825 857 2864 τὸ
887 2824 1018 2865 πλέον
1050 2824 1191 2874 μέρος.

294 2893 443 2931 Confer
471 2893 555 2929 Ale.
590 2895 684 2940 1423
732 2894 926 2930 Androm.
962 2895 1054 2942 2053,
1087 2894 1178 2940 385,
1217 2894 1330 2939 1:222,
1366 2894 1489 2941 127193
1531 2893 1674 2930 Bacch.
1711 2895 1800 2940 2328,

297 2962 390 3005 335,
415 2962 512 3004 7703
544 2960 698 2996 Hecub.
724 2962 823 3007 855;
855 2960 996 2998 Helen.
1032 2962 1121 3004 157,
1156 2961 1246 3005 732,
1281 2960 1370 3007 770,
1395 2960 1492 3003 99&
1537 2959 1682 2996 Electr.
1705 2960 1801 3007 9293
