2006 3327
915 141 957 180 17

181 276 286 314 quae
326 261 486 301 libertas
528 261 629 300 sicut
671 274 721 298 eo
762 261 993 298 defenditur
1031 261 1140 309 quod
1178 267 1217 298 et
1247 256 1327 299 σόν
1359 266 1397 297 ct
1435 254 1488 298 σύ
1533 272 1621 297 cum
1654 257 1689 295 vi

180 332 482 381 pronuntianda
513 335 615 372 sunt,
648 329 702 364 ita
730 329 951 364 admodum
982 328 1075 364 milri
1106 328 1270 375 insignis
1293 327 1448 363 videtur
1478 327 1572 363 ideo
1595 338 1690 374 quo-

182 412 259 448 que
291 400 384 448 quia
414 402 569 447 praeter
596 396 701 432 hunc
723 396 854 432 locum
876 396 1008 444 plures
1038 407 1158 444 quam
1182 395 1294 432 binas·
1317 395 1509 442 deinceps
1532 393 1695 430 trimetri

181 467 429 503 elevationes
460 464 607 500 voculis
639 463 825 499 brevibus
856 462 1138 511 monosyllabis
1169 462 1358 510 occupari
1380 473 1579 509 nusquam
1600 460 1692 497 vidi.

183 533 275 580 Qua
299 531 579 570 obser-vatione
602 530 919 578 disputationem
941 531 1125 566 claudere
1152 530 1295 566 licebit.
1357 529 1418 565 Ne
1441 528 1538 576 quid
1560 533 1696 564 tamen

181 600 441 649 dereliquisse
475 598 624 647 videar,
669 597 708 632 in
742 597 820 632 fine
852 596 968 633 huius
1000 597 1119 633 libelli
1150 597 1288 634 tabula
1320 596 1520 632 adicietur
1550 607 1571 631 e
1603 606 1695 642 qua,

181 668 385 716 quomodo
417 678 490 716 per
521 665 695 713 singulas
727 664 882 700 fabulas
909 664 1046 711 tragici
1077 665 1114 710 in
1137 665 1305 701 duorum
1332 664 1525 712 deinceps
1546 663 1695 711 pedum

180 735 427 772 elevationes
464 731 740 781 monosyllaba
780 731 914 767 brevia
953 731 1197 773 admiserint,
1239 743 1356 779 quam
1396 729 1696 767 accuratissime

179 806 397 850 appareat:

514 896 655 933 Helen.
689 907 743 932 vs.
779 898 852 933 131
888 907 975 932 curn
1010 895 1137 932 codex
1170 894 1358 932 exhibeat

376 981 454 1023 κάκ
484 985 610 1024 τοῦδε
641 981 863 1023 Μενέλαον
895 981 1010 1032 οὔτις
1042 980 1114 1023 εἶδ’
1148 980 1402 1032 ἀφιγμένον,

181 1053 360 1089 editores
388 1053 663 1100 recentissimi,
698 1052 932 1089 Barnesium
964 1052 1099 1096 secuti,
1132 1052 1294 1088 alteram
1325 1050 1495 1087 nominis
1528 1049 1695 1086 formam

179 1120 412 1169 reposuisse
445 1120 539 1157 satis
578 1120 816 1168 habuerunt,
855 1119 917 1155 cui
955 1124 1089 1155 tamen
1122 1119 1284 1155 lectioni
1318 1118 1360 1154 id
1400 1119 1545 1162 obstat,
1585 1117 1695 1165 quod

178 1185 408 1234 Μενέλεως
435 1187 685 1232 vocabulum,
717 1192 917 1236 quotquot
947 1187 1042 1223 locis
1065 1187 1275 1229 invenitur,
1298 1185 1408 1222 haud
1429 1186 1542 1222 aliter
1572 1191 1694 1233 atque

182 1245 349 1303 Ἰόλεως
381 1254 575 1303 synizesin
606 1267 688 1291 non
719 1254 867 1302 patitur
897 1253 1078 1301 exceptis
1108 1253 1200 1290 Eur.
1234 1252 1300 1291 Or.
1333 1265 1386 1291 vs.
1422 1254 1469 1290 18

541 1318 768 1369 Μενέλεώς
800 1332 843 1359 τε
876 1318 1075 1368 Κρήσσης
1107 1317 1264 1368 μητρὸς
1291 1317 1506 1369 Ἀερόπης
1537 1316 1620 1359 ἄπο

179 1395 219 1426 et
238 1389 326 1438 Iph.
347 1389 395 1426 T.
417 1391 493 1428 357
544 1386 773 1428 Μενέλεών
795 1385 845 1432 θ’,
874 1385 926 1427 ἵν’
961 1385 1116 1437 αὐτοὺς
1149 1385 1564 1436 ἀντετιμωρησάμην.

177 1457 299 1493 Aliud
329 1462 463 1494 autem
494 1467 583 1493 esse
615 1457 646 1493 si
678 1456 776 1504 quid
799 1456 984 1492 licentiae
1015 1456 1054 1491 in
1080 1455 1206 1503 primo
1241 1455 1406 1491 trirnetri
1436 1455 1542 1504 pede
1574 1456 1694 1504 tragi-

178 1535 248 1561 cus
279 1524 351 1561 sibi
382 1524 649 1573 adrogaverit,
695 1524 804 1560 aliud
844 1523 875 1559 si
906 1523 945 1559 in
977 1523 1108 1572 tertio,
1145 1534 1264 1559 nemo
1296 1522 1434 1559 harum
1465 1534 1593 1559 rerum
1624 1534 1695 1571 pe-

176 1591 272 1628 ritus
316 1603 399 1628 non
439 1592 652 1629 concedet.
713 1591 797 1627 Iam
834 1602 928 1627 vero
971 1590 1054 1638 Iph.
1088 1590 1175 1628 Aul.
1214 1591 1290 1628 506
1339 1590 1569 1627 coniectura
1612 1591 1695 1628 illa-

176 1664 260 1695 tum
289 1664 352 1696 est

375 1721 478 1764 αἰνῶ
509 1733 571 1773 σε,
602 1722 841 1772 Μενέλεως,
872 1721 935 1763 ὅτι
966 1722 1081 1772 παρὰ
1112 1721 1284 1772 γνώμην
1312 1721 1415 1772 ἐμὴν
1447 1743 1495 1748 -

177 1792 285 1829 Libri
307 1793 436 1830 enim:
470 1790 574 1832 αἰνῶ
597 1799 660 1842 σε,
691 1788 926 1840 Μενέλαος,
953 1792 1059 1829 unde
1081 1791 1341 1829 Marklandus
1363 1803 1516 1828 memor
1543 1791 1693 1829 Troad.

177 1872 316 1897 versus
349 1861 426 1898 890
467 1856 570 1898 αἰνῶ
607 1867 670 1907 σε,
711 1857 908 1905 Μενέλα’,
952 1855 987 1898 εἰ
1018 1858 1179 1906 κτενεῖς
1208 1855 1401 1907 δάμαρτα
1432 1855 1514 1905 σήν
1553 1859 1695 1896 effece-

177 1933 237 1963 rat
268 1924 372 1966 αἰνῶ
403 1934 466 1975 σε,
506 1924 702 1976 Μενέλα“,
739 1924 803 1966 ὅτι
840 1924 955 1975 παρὰ
991 1924 1162 1974 γνώμην
1195 1923 1298 1974 ἐμὴν
1328 1947 1381 1951 *—
1411 1926 1547 1974 utique
1587 1932 1694 1963 ratus

177 2005 227 2042 ος
262 1995 454 2043 syllabam
481 1994 756 2043 dittographia
789 2000 915 2031 ortam
947 2005 1052 2042 esse,
1086 1993 1274 2042 quoniam
1297 1990 1393 2031 ὅτι1
1426 1993 1693 2041 subsequitur.

177 2061 295 2108 Quae
333 2061 562 2098 coniectura
601 2061 694 2097 mihi
733 2073 892 2109 quoque
930 2061 1133 2109 probatur.
1205 2059 1286 2096 Sed
1328 2060 1367 2096 in
1404 2059 1471 2096 illo
1510 2060 1693 2097 Helenae

177 2129 373 2178 exemplo,
404 2127 512 2164 unde
533 2127 739 2175 profectus
763 2140 861 2168 sum,
894 2140 943 2163 ne
972 2124 1016 2165 ἐκ
1046 2126 1170 2165 τοῦδε
1203 2127 1367 2175 quidem
1397 2126 1548 2175 placet;
1582 2139 1693 2164 nam-

179 2208 258 2245 que
294 2202 337 2233 ut
365 2191 576 2231 ‘antehac'
608 2194 680 2231 fuit
712 2192 794 2243 πρὸ
826 2194 913 2238 τοῦ,
947 2195 1003 2231 sic
1024 2191 1207 2231 ‘dehinc'
1239 2192 1284 2232 ἐκ
1314 2193 1389 2233 τοῦ
1413 2194 1593 2242 Euripidi
1625 2207 1694 2232 va-

176 2262 296 2299 luisse
326 2267 436 2311 puto.
503 2261 626 2298 Velut
657 2269 719 2298 est
749 2262 808 2298 El.
841 2274 876 2298 V.
912 2263 1015 2299 1263
1054 2261 1202 2310 ψῆφος
1241 2258 1388 2310 βεβαία
1424 2262 1458 2299 τ’
1497 2259 1614 2301 ἐστὶν
1648 2259 1692 2300 ἔκ

177 2339 225 2376 γε
255 2329 331 2368 τοῦ
365 2327 546 2378 βροτοῖς.
608 2329 793 2377 Itemque
815 2329 973 2366 Hercul.
1004 2342 1036 2366 v.
1062 2330 1154 2375 947,
1187 2329 1253 2365 ubi
1284 2328 1323 2365 in
1356 2328 1460 2366 libris
1492 2326 1537 2369 ἐκ
1565 2329 1692 2368 τοῦδε

179 2393 335 2445 βαίνων
372 2391 521 2444 ἅρματ’
554 2393 631 2434 οὐκ
668 2393 776 2444 ἔχων
807 2393 918 2444 ἔχειν
945 2398 950 2442 Ι
978 2393 1141 2444 ἔφασκε
1180 2395 1389 2443 invenitur,
1430 2395 1611 2441 fortasse,
1641 2408 1692 2433 ne

177 2463 325 2511 copula
354 2463 580 2500 sententiae
611 2463 728 2508 desit,
759 2469 958 2511 praestat:
996 2460 1041 2501 ἐκ
1066 2462 1141 2501 τοῦ
1175 2460 1220 2501 δὲ
1251 2459 1406 2511 βαίνων
1437 2459 1586 2510 ἅρματ’
1616 2459 1693 2501 Οὐκ

177 2525 289 2578 ἔχων
310 2526 420 2578 ἔχειν
447 2527 452 2578 Ι
479 2527 658 2579 ἔφασκε,
690 2536 730 2566 ct
759 2531 795 2566 ei
817 2530 1074 2566 coniecturae
1102 2529 1236 2566 favent
1256 2528 1397 2582 Dionis
1421 2528 1693 2578 Chrysostomi

175 2650 276 2682 vitate
302 2651 448 2693 quadam
476 2656 696 2683 exornarent:
725 2651 837 2692 itaque
863 2650 917 2682 his
938 2651 1027 2682 locis
1046 2650 1285 2692 monosyllaba
1303 2650 1478 2683 cumulare
1496 2651 1690 2685 noluerunt.

174 2712 223 2741 At
248 2709 364 2741 Sileno
391 2710 533 2750 dignum
560 2715 612 2741 est
639 2709 733 2752 quod
761 2714 871 2740 exstat
897 2710 978 2742 Eur.
1006 2708 1099 2751 Cyel.
1126 2708 1194 2742 553

373 2768 456 2800 ΚΥ.
485 2767 652 2808 ἀπολεῖς
682 2767 746 2808 δὸς
772 2767 902 2807 οὕτως.
931 2767 1008 2800 ΣΕΙ.
1037 2768 1095 2800 ναὶ
1121 2766 1171 2808 μὰ
1198 2766 1255 2800 Δί’
1283 2768 1326 2801 οὐ
1353 2770 1438 2811 πρὶν
1465 2770 1509 2802 ἄν
1534 2769 1575 2811 γε’,
1602 2779 1642 2803 σε

485 2826 674 2870 στέφανον
700 2826 768 2859 ἴδω
795 2825 956 2866 λαβόντα
981 2825 1171 2867 γεύσωμαί
1196 2826 1237 2860 τέ
1261 2837 1307 2860 τι.

308 2881 322 2905 1
346 2884 402 2916 Sic
429 2885 584 2917 versibus
612 2885 843 2928 septendecim
870 2889 948 2916 ante
974 2884 1157 2927 πράγματ’
1182 2886 1215 2917 in
1241 2885 1439 2928 πράγματα
1465 2886 1496 2919 δ’
1523 2888 1665 2920 abierat,

1407 2944 1428 2966 ι)

1407 2970 1425 2978 ι.
