2006 3327
1479 177 1496 192 Ε

1019 198 1063 231 36

546 314 634 365 ἦλθ’
669 313 763 364 οὐχὶ
793 312 942 363 μικρὰν
975 311 1074 352 Θεὸν
1103 310 1213 360 ἔχων
1244 309 1375 350 αὑτοῦ
1407 309 1512 359 με’τα

545 382 568 422 ὁ
598 379 732 432 τῆσδ’,
765 378 975 429 ἀλάστωρ,
1009 377 1082 418 εἴτ’
1116 373 1398 426 Ἀλέξανδρον
1429 375 1566 424 Θέλεις

547 447 722 498 ὀνόματι
753 446 1028 497 προσφωνεῖν
1058 457 1122 485 νιν
1153 442 1234 485 εἴτε
1266 443 1334 484 καὶ
1363 442 1512 493 Πάριν.

281 529 434 567 ‘Voces
464 541 565 575 eum,
598 539 852 576 quocumque
891 526 1000 563 voles
1046 526 1201 562 mortali
1232 526 1407 574 nomine,
1446 530 1554 561 certe
1585 519 1787 570 ἀλάστωρ

281 594 383 635 fuit'.
442 596 526 631 Iam
557 595 714 643 propria
754 606 824 631 sua
868 593 903 629 vi
942 592 1145 629 distinctio
1178 591 1245 628 illa
1275 588 1359 630 εἴτε
1394 611 1438 616 -
1473 586 1553 628 εἴτε
1583 588 1787 638 particulis

283 665 445 700 inducta
476 674 554 698 non
587 662 762 709 indigetg
793 672 883 697 cum
905 660 1010 695 enim
1034 665 1154 695 antea
1185 659 1237 694 ad
1259 663 1402 703 totum,
1433 658 1543 705 quod
1573 655 1790 704 praecedit,

283 731 532 767 enuntiatum
563 729 773 765 referenda
804 727 933 773 fuerit,
965 739 1070 763 nunc
1101 726 1216 762 unice
1247 725 1422 774 pertinet
1463 725 1517 760 ad
1546 725 1589 760 id
1619 723 1792 760 vocabu-

280 799 372 844 lum,
402 798 441 833 in
472 808 552 846 quo
584 807 739 832 summa
770 794 996 832 sententiae
1027 799 1234 831 versatur:
1268 788 1481 839 ἀλάστωρ.

415 874 576 911 Subicio
607 874 783 911 Medeae
812 866 946 910 versus
980 872 1056 910 866
1080 883 1137 919 sq.

545 949 633 1000 ἥκω
664 948 932 999 κελευσθείς·
980 947 1046 988 καὶ
1076 948 1157 998 γὰρ
1189 945 1300 988 οὖσα
1330 945 1541 995 δυσμενὴς

546 1017 596 1059 οὔ
629 1017 705 1058 τᾶν
738 1014 941 1067 ἁμάρτοις
972 1015 1098 1056 τοῦδέ
1130 1014 1178 1064 γ’,
1212 1013 1302 1054 ἀλλ’
1336 1012 1575 1062 ἀκούσομαι

547 1084 583 1125 τί
614 1087 751 1135 χρῆμα
784 1082 923 1134 βούλει
954 1081 1100 1123 καινὸν
1132 1081 1173 1123 ἐξ
1203 1081 1321 1132 ἐμοῦ,
1351 1079 1484 1128 γύναι.

284 1168 426 1217 quibus
456 1172 592 1203 tamen
631 1165 758 1201 verbis
802 1175 898 1200 cave
936 1174 986 1199 ne
1025 1162 1187 1198 nimium
1227 1161 1384 1210 pondus
1423 1161 1567 1209 addas,
1608 1159 1797 1208 quoniam

282 1235 409 1274 τοῦδε
447 1234 592 1271 eodem
637 1232 719 1269 iure
752 1245 773 1269 a
807 1237 949 1268 neutro
985 1227 1082 1268 τόδε
1124 1230 1217 1266 licet
1257 1228 1450 1265 derivare.
1507 1220 1620 1263 ‘Hoc
1657 1226 1796 1262 saltem

284 1315 366 1339 non
397 1308 437 1338 te
466 1300 640 1345 deficiet,
672 1300 745 1336 sed
775 1299 937 1335 audiam
952 1288 975 1335 ³.

416 1381 643 1428 Sequantur
673 1377 890 1414 Alcestidis
922 1387 1058 1412 versus
1091 1375 1298 1413 734—36:

545 1442 683 1495 ἕῤῥων
713 1456 789 1484 νυν
821 1441 950 1491 αὐτὸς
981 1440 1031 1491 χὴ
1064 1438 1354 1490 Ξυνοικήσοισά
1385 1448 1454 1479 σοι

547 1511 697 1552 ἄπαιδε
727 1509 880 1559 παιδὸς
912 1507 1051 1558 ὄντος,
1085 1506 1230 1557 ὥσπερ
1263 1505 1381 1552 ἄξιοι,

552 1577 805 1629 γηράσκετ’·
855 1575 906 1617 οὐ
937 1575 1016 1626 γὰρ
1047 1574 1155 1629 τῷδε’
1186 1572 1220 1622 γ’
1256 1573 1315 1624 εἰς
1344 1572 1500 1614 ταύτὸν
1532 1573 1686 1623 στέγος

552 1644 696 1687 νεῖσθ’.

285 1729 431 1766 Verto:
459 1724 563 1764 ‘non
584 1725 689 1762 enim
710 1725 750 1761 in
770 1724 949 1768 easdem,
981 1734 1080 1772 quas
1102 1722 1179 1766 hic,
1212 1723 1334 1759 aedes
1357 1717 1639 1759 revertemini'.
1694 1719 1796 1757 Cum

285 1796 389 1833 enim
420 1795 601 1845 proxime
630 1789 784 1840 παιδός
815 1797 981 1840 praeeat
1011 1802 1144 1838 neque
1175 1788 1435 1838 pronominis
1480 1799 1599 1837 quem
1631 1787 1794 1836 sumpsi,

286 1876 380 1901 usus
410 1876 434 1901 a
464 1874 650 1900 sermone
674 1861 833 1898 Graeco
862 1859 1086 1906 abhorreat,
1119 1858 1223 1896 hanc
1255 1859 1361 1895 duco
1395 1863 1433 1893 et
1466 1856 1795 1905 simplicissimam

285 1936 324 1968 et
356 1930 599 1967 verissimam
631 1927 1016 1976 interpretationem.

418 1995 531 2032 Haec
561 1995 688 2045 igitur
710 1995 807 2031 satis
839 1999 979 2042 aperta
1010 1999 1123 2037 sunt;
1168 1992 1403 2041 progredior
1434 1993 1487 2028 ad
1518 2003 1653 2028 versus
1692 1989 1796 2026 eius-

286 2063 379 2100 dem
411 2062 569 2099 fabulae
603 2063 705 2099 1089
726 2073 795 2110 sq„
827 2061 893 2097 ubi
924 2072 1015 2097 cum
1045 2060 1240 2096 Hercules
1271 2059 1535 2096 mirabundus
1566 2062 1771 2105 rogasset:

482 2127 519 2168 τί
550 2130 609 2173 δ’;
642 2125 692 2168 οὐ
724 2127 870 2177 γαμεῖς
901 2124 996 2176 γάρ,
1029 2122 1136 2165 ἀλλὰ
1167 2123 1368 2175 χηρεύσει
1400 2123 1548 2173 λέχος;

287 2198 486 2234 Admetus
518 2197 762 2245 respondet:

485 2261 562 2302 οὐκ
593 2260 720 2308 ἔστιν,
752 2259 844 2311 ἥτις
874 2262 982 2314 τῷδε
1013 2258 1350 2309 συγκλιθήσεται.

289 2333 352 2369 Sic
382 2331 565 2369 certatim
596 2342 736 2367 omnes
769 2330 985 2365 ediderunt
1023 2335 1106 2365 turn
1137 2339 1299 2377 quoque
1339 2339 1428 2364 cum
1460 2326 1622 2364 codices
1654 2325 1800 2362 Palati-

288 2411 362 2436 nus
394 2406 433 2435 et
464 2382 759 2435 Laurentianus
790 2397 830 2433 in
858 2396 1010 2433 minore
1049 2395 1287 2441 auctoritate
1325 2400 1474 2438 essent,
1519 2405 1639 2442 quam
1678 2392 1801 2430 hodie

289 2466 430 2503 merito
467 2466 510 2502 iis
550 2465 743 2503 tribuitur.
809 2464 861 2500 At
892 2463 989 2500 liber
1028 2462 1136 2498 haud
1174 2462 1286 2510 peior
1316 2460 1537 2498 Vaticanus
1575 2461 1667 2497 vide
1705 2460 1801 2508 quid

290 2533 501 2583 praebeat:

487 2597 563 2639 οὐκ
595 2597 722 2647 ἔστιν,
752 2596 844 2647 ἥτις
875 2596 973 2649 τῷδ’
1006 2593 1126 2645 ἀνδρὶ
1155 2593 1494 2644 συγκλιθήσεται.

293 2668 409 2715 Quae
442 2668 561 2704 lectio
590 2679 711 2716 prava
742 2672 823 2712 est3
856 2666 931 2702 sed
963 2677 1015 2700 en
1045 2664 1213 2712 emergit
1243 2664 1369 2700 iustus
1400 2663 1594 2701 trimeter:

492 2731 567 2772 οὐκ
598 2731 723 2780 ἔστιν,
758 2731 782 2781 ἣ
814 2729 909 2784 τῷδ’
941 2729 1061 2780 ἀνδρὶ
1091 2729 1427 2779 συγκλιθήσεται.

293 2800 347 2837 Ut
376 2801 482 2837 enim
512 2798 536 2849 ἥ
569 2801 607 2837 in
636 2798 726 2849 ἥτις
758 2800 885 2837 abiret
915 2800 1043 2836 librari
1065 2798 1321 2847 neglegentia
1342 2797 1425 2833 fieri
1446 2798 1596 2846 potuit3
1630 2804 1713 2834 tum
1737 2798 1800 2845 qui

292 2879 448 2903 versum
485 2874 725 2916 purgaturus
765 2873 860 2912 erat,
906 2867 1009 2903 facili
1053 2878 1182 2903 errore
1215 2878 1264 2902 eo
1297 2865 1577 2902 adducebatur
1609 2870 1651 2901 ut
1681 2861 1802 2912 ἀνδρί

293 2935 455 2973 deleret.
516 2935 771 2972 Documento
814 2940 906 2971 sunt
944 2933 1163 2983 Byzantini‚
1209 2944 1380 2982 quorum
1422 2932 1462 2968 in
1507 2932 1801 2981 exemplaribus.
