2006 3327
904 160 948 197 13

165 285 205 322 in
236 284 295 331 iis,
326 295 426 333 quas
459 283 533 319 sub
564 281 684 318 finem
707 280 811 317 vitae
841 280 983 326 edidit,
1016 278 1169 314 maiore
1198 288 1242 314 se
1275 274 1483 323 diligentia
1512 274 1683 311 adstrin-

168 353 236 400 xit,
267 352 309 388 id
341 351 449 400 quod
479 349 615 385 tabula
645 347 810 396 adpicta
838 346 1003 383 docebit
1023 342 1037 368 1

546 460 703 487 monos.
734 449 911 495 longum.
1178 446 1312 483 breve.

623 518 709 554 Alc.
807 504 818 506 ”
847 517 894 553 13
966 518 989 552 4

596 584 707 623 Med.
846 583 894 620 16
967 579 1026 619 32

544 651 708 700 Hippoi.
845 652 894 686 15
966 651 991 687 4

543 719 706 756 Heracl.
846 719 896 755 12
968 718 991 754 5

515 787 708 824 Androm.
848 785 896 821 10
969 785 991 822 6

552 853 708 891 Hecub.
848 852 897 888 12
969 852 991 888 6

429 920 556 970 Iphig.
588 920 711 957 Taur.
848 918 895 954 21
932 949 934 967 :
970 919 991 955 5

577 986 711 1025 Orest.
850 986 898 1022 12
932 975 934 978 ι
973 989 990 1023 1
1013 983 1028 1008 3

558 1055 711 1092 Phoen.
849 1053 898 1089 12
933 1101 934 1106 Ἰ
971 1055 993 1091 3

502 1122 588 1171 Iph.
621 1121 711 1158 Aul.
875 1120 898 1156 8
933 1118 934 1164 ἒ
971 1121 993 1156 2

567 1187 710 1225 Bacch.
874 1186 896 1221 6
933 1202 934 1213 ¹
969 1189 995 1225 O

548 1256 708 1303 Cyclops
874 1254 897 1290 6
933 1257 934 1299 3
969 1255 993 1290 O

559 1323 711 1361 Rhesus
873 1321 897 1357 8
930 1304 934 1383 J
968 1259 1011 1362 Oi

180 1439 323 1486 Itaque
350 1437 391 1473 in
420 1436 498 1472 hac
522 1420 688 1484 ¹quoque
720 1445 760 1470 re
785 1433 910 1470 Rhesi
932 1439 1055 1482 poeta
1082 1434 1132 1470 ab
1155 1433 1347 1481 Euripide
1380 1432 1476 1468 satis
1499 1432 1701 1468 diversum

180 1517 224 1542 se
257 1504 437 1553 praebet.
498 1503 649 1540 Verum
678 1513 829 1550 operae
863 1501 1036 1549 pretium
1065 1507 1126 1537 est
1160 1500 1473 1549 Aristophanem
1504 1499 1628 1548 adire,
1660 1504 1702 1535 ut

180 1584 300 1621 quarn
331 1572 384 1607 ad
414 1582 596 1607 normam
625 1569 663 1605 in
706 1569 783 1606 ista
820 1581 862 1605 re
901 1569 1161 1617 scriptionem
1199 1567 1400 1611 direxerit,
1434 1573 1605 1604 eruatur.
1664 1566 1701 1601 Is

181 1640 301 1687 igitur
331 1639 371 1674 in
393 1636 823 1685 Thesmophoriazusis
845 1636 1007 1683 nullum,
1039 1636 1079 1672 in
1101 1635 1442 1683 Acharnensibus,
1475 1634 1702 1681 Equitibus‚

181 1706 340 1755 Vespis,
373 1705 605 1754 Lysistrata,
647 1703 759 1740 Pluto
792 1703 962 1751 singula,
1001 1703 1040 1739 in
1071 1702 1359 1739 Ecclesiazusis
1403 1702 1485 1738 duo
1518 1701 1703 1749 exempla

183 1773 357 1822 admisit,
389 1784 492 1821 quae
522 1783 611 1808 cum
643 1771 926 1808 observatione
957 1775 1096 1807 nostra
1126 1774 1376 1818 pugnarentg
1409 1769 1519 1817 quod
1540 1779 1634 1804 vero
1663 1767 1703 1804 in

184 1840 289 1877 Pace
321 1845 362 1876 et
394 1839 434 1877 in
464 1839 616 1876 Avibus
647 1838 770 1874 ternis
802 1837 899 1874 locis
933 1837 1112 1885 regulam
1142 1837 1314 1882 violavit,
1346 1835 1424 1872 hoc
1456 1847 1504 1871 ex
1535 1846 1704 1870 numero

189 1906 358 1943 forsitan
375 1906 579 1942 eximendi
602 1905 680 1941 sint
712 1906 794 1941 duo
827 1905 863 1949 ii,
896 1905 962 1952 qui
993 1905 1048 1940 ad
1079 1901 1123 1951 ἐς
1145 1903 1487 1952 praepositionem
1505 1902 1707 1951 pertinent

183 1974 233 2011 ab
273 1973 496 2010 editoribus
527 1973 727 2010 invectam
764 1970 876 2022 (Pac.
910 1973 975 2010 81.
1013 1972 1084 2009 Av.
1120 1966 1255 2020 1209).
1323 1970 1482 2006 Eodem
1520 1975 1707 2018 spectant

183 2041 265 2077 duo
288 2040 493 2077 Ranarum
516 2035 588 2090 (vs.
609 2041 702 2084 499,
722 2035 822 2089 562>
845 2045 885 2075 et
911 2039 1073 2075 unicum
1099 2038 1276 2075 Nubium
1307 2038 1511 2085 exemplar
1533 2049 1566 2076 v.
1588 2038 1706 2074 1190.

185 2107 310 2144 Porro
342 2118 391 2142 ex
422 2107 482 2155 iis,
515 2118 613 2154 quas
635 2106 879 2150 enumeravi,
911 2105 1215 2153 exceptionibus
1236 2116 1318 2141 non
1349 2105 1482 2141 nullae
1513 2105 1608 2140 inde
1638 2116 1707 2140 ex-

185 2179 376 2211 cusantur
405 2174 517 2222 quod
547 2174 787 2210 vocabulum
816 2179 910 2209 ante
940 2185 1149 2210 caesuram
1172 2172 1416 2208 collocatum
1438 2171 1513 2207 etsi
1544 2172 1706 2218 longum

183 2254 266 2279 non
310 2247 382 2287 est,
430 2246 564 2278 tamen
614 2240 776 2277 fortiore
823 2241 1003 2288 quodam
1050 2252 1152 2276 sono
1191 2239 1460 2286 distinguitur,
1502 2239 1609 2274 velut
1647 2243 1708 2275 est

186 2309 261 2358 Eq.
294 2310 372 2347 206
405 2304 428 2347 ὁ
460 2304 627 2356 δράκων
659 2305 705 2346 δὲ
736 2304 846 2356 πρὸς
877 2304 942 2355 τί;
985 2306 1079 2345 Pac.
1114 2308 1194 2345 660
1224 2303 1248 2353 ἢ
1282 2302 1317 2344 δ’
1361 2302 1470 2344 ἀλλὰ
1510 2303 1619 2354 πρὸς
1649 2303 1707 2343 σὲ

188 2371 334 2424 μικρὸν
367 2370 525 2414 εἰπάτω
547 2371 691 2424 μόνον.
752 2373 876 2423 Vesp.
901 2375 1005 2413 1393
1024 2373 1087 2413 δεῖ
1115 2371 1183 2412 καὶ
1214 2370 1334 2421 δίκας
1361 2367 1366 2423 Ι
1395 2369 1505 2422 ἔχειν
1535 2370 1604 2411 διὰ
1634 2369 1709 2411 τὸν

322 2549 336 2573 ¹
361 2562 424 2595 pro
452 2550 503 2594 εἰς
529 2562 662 2596 semper
687 2552 726 2594 ἐς
751 2552 926 2594 substitui,
953 2553 1013 2586 sed
1040 2553 1118 2585 vide
1142 2563 1175 2595 p.
1197 2551 1240 2586 15
1265 2552 1362 2585 infra.

319 2607 336 2632 2
361 2611 403 2644 cf.
430 2615 543 2644 tamen
567 2622 600 2654 p.
628 2610 683 2645 14.

322 2666 336 2690 3
362 2669 555 2701 coniectura
587 2670 764 2702 obtrusum
804 2671 919 2703 Orest.
947 2669 1033 2704 694:
1073 2672 1258 2712 σμικροῖσι
1292 2667 1358 2710 μὲν
1389 2667 1461 2711 γὰρ
1492 2667 1540 2701 τὰ
1571 2666 1711 2709 μεγάλα

189 2729 272 2768 πῶς
297 2727 375 2761 ἕλοι
400 2738 455 2768 τις
480 2727 524 2760 ἂν
547 2730 552 2770 1
574 2728 721 2762 πόνοισι
745 2728 842 2772 libri3
869 2728 950 2760 hinc
977 2727 1043 2770 μέν
1070 2728 1201 2759 delevit
1224 2728 1374 2769 Barnes3
1402 2727 1429 2758 si
1445 2725 1492 2760 τά
1513 2725 1711 2763 sustuleris,

191 2786 286 2829 quod
312 2786 454 2829 suadeo,
488 2790 520 2818 et
546 2788 750 2819 concinnior
774 2788 837 2820 erit
863 2788 983 2826 oratio,
1022 2792 1056 2820 et
1081 2787 1271 2819 notandum
1297 2786 1364 2828 μὲν
1389 2785 1460 2828 γάρ
1486 2786 1521 2817 in
1547 2786 1611 2816 hac
1638 2785 1714 2827 ipsa

192 2856 313 2877 versus
340 2845 425 2877 sede
451 2845 637 2877 sescenties
663 2856 834 2878 occurrere
865 2845 928 2890 (τά
956 2846 1096 2887 dittogr.
1124 2850 1264 2888 propter
1288 2844 1386 2888 γάρ).
1437 2845 1645 2886 Respondet
1673 2842 1713 2876 δέ

192 2903 228 2936 in
253 2914 356 2936 versu
383 2903 468 2937 6955:
496 2902 527 2938 εἰ
554 2900 582 2936 δ’
611 2904 763 2947 ἡσύχως
787 2916 842 2947 τις
869 2910 926 2939 ctt.
