2006 3327
938 195 983 231 25

468 313 583 366 ᾔδειν
615 311 651 352 δ’
684 311 762 362 ἁμὲ
795 315 899 363 χρῆν
929 314 1048 353 νικᾶν
1078 311 1203 353 πόσιν

468 379 592 432 κείνῳ
625 392 668 419 τε
699 378 829 430 νίκην,
861 378 920 420 ὧν
951 380 1093 429 ε’χρῆν,
1125 379 1330 429 παριέναι,

205 449 272 498 qui
302 455 465 498 propter
497 449 838 485 constructionem
869 460 1048 485 eversam
1079 448 1154 485 huc
1191 460 1447 496 nequaquam
1468 453 1602 485 >erunt
1641 453 1716 483 tra-

204 516 337 554 hendi.
397 515 549 552 Contra
580 521 773 563 quantum
806 516 1050 552 auctoritatis
1082 517 1144 552 lex
1174 516 1238 552 illa
1261 515 1504 564 possederit,
1538 515 1717 551 versibus

203 583 287 632 Iph.
319 583 440 621 Taur.
474 584 554 620 373
579 595 636 631 sq.
670 583 864 619 evincitur
894 583 1020 620 hisce:

534 646 726 698 ἀδελφόν
757 646 790 688 τ’
824 647 900 688 οὐκ
932 646 1158 698 ἀνειλόμην
1188 649 1344 699 χεροῖν,

467 714 516 765 ὃς
543 716 619 756 νῦν
651 713 826 765 ὄλωλεν,
857 714 908 755 οὐ
939 714 1168 769 κασιγνήτῃ
1201 713 1340 765 στόμα

466 780 622 832 συνῆψ’
653 779 720 822 ὑπ’
755 781 915 834 αἰδοῦς,

201 851 242 888 in
274 851 418 899 quibus
449 849 494 890 τέ
524 851 697 900 positum
728 852 766 887 in
797 852 927 900 priore
958 852 1149 902 membro,
1181 852 1219 888 in
1250 858 1414 900 postero
1446 852 1561 888 metri
1583 864 1718 889 neces-

203 919 321 955 sitate
354 931 591 968 oppressum
622 926 692 958 est.

334 985 396 1023 De
425 998 474 1022 ea
506 987 622 1035 igitur
654 999 695 1022 re
727 993 941 1036 postquam
972 994 1204 1035 peroratum
1236 993 1309 1034 est,
1353 987 1521 1023 alteram
1558 987 1609 1022 de
1646 987 1720 1022 du-

203 1053 294 1102 plici
325 1050 392 1091 καί
423 1054 619 1102 particula
651 1054 943 1103 expositionem
976 1054 1155 1091 subicere
1188 1054 1296 1091 iuvat
1323 1055 1372 1091 ab
1394 1053 1587 1102 Euripide
1610 1054 1719 1089 haud

205 1120 470 1169 frequentata,
515 1127 559 1157 ut
588 1121 806 1169 intelleges,
852 1121 882 1157 si
912 1122 1070 1169 quoties
1101 1120 1261 1171 τέ-τέ,
1302 1119 1474 1160 τέ’-«καί
1504 1127 1715 1158 occurrant

203 1188 437 1225 attenderis.
497 1187 599 1225 Nam
630 1189 852 1236 segregatis
882 1189 1059 1237 quinque
1082 1189 1296 1225 Alcestidis
1320 1189 1511 1237 exemplis
1544 1189 1582 1224 in
1604 1189 1715 1225 nulla

204 1255 336 1292 fabula
367 1252 478 1293 καί--
492 1253 559 1294 καί
590 1256 748 1304 saepius
779 1268 897 1304 quam
927 1263 1077 1304 quater,
1123 1257 1161 1292 in
1193 1256 1368 1304 plurimis
1399 1262 1532 1292 autem
1566 1268 1616 1291 ne
1656 1262 1715 1292 ter

201 1323 364 1372 quidem
406 1323 614 1371 invenitur,
660 1323 700 1358 in
741 1323 906 1359 canticis
942 1330 981 1358 ct
1019 1324 1284 1371 anapaesticis
1325 1324 1386 1359 vix
1417 1324 1548 1360 locum
1578 1323 1713 1361 habet.

204 1390 340 1436 Quare
374 1401 463 1426 cum
495 1401 574 1425 non
608 1390 750 1426 nimius
781 1391 1054 1438 exemplorum
1086 1391 1136 1426 sit
1166 1403 1365 1435 immotus,
1398 1390 1551 1438 singula
1583 1390 1622 1426 in
1653 1402 1715 1427 or—

201 1457 338 1493 dinem
370 1457 537 1494 redacta
567 1468 808 1506 proponam,
836 1469 857 1493 e
889 1458 1032 1505 quibus
1065 1458 1095 1493 si
1129 1458 1223 1505 quid
1254 1457 1458 1505 efficietur,
1505 1458 1546 1494 id
1579 1469 1627 1493 eo
1659 1457 1715 1494 fa-

200 1524 311 1561 cilius
343 1524 525 1561 omnibus
555 1524 729 1573 patebit:

364 1592 449 1628 Alc.
483 1594 558 1629 141
594 1589 672 1630 καὶ·
692 1590 835 1630 Ζῶσαν
867 1588 994 1630 εἰπεῖν
1024 1589 1091 1630 καὶ
1121 1591 1341 1631 θανοῦσαν
1373 1589 1461 1630 ἔστι
1492 1599 1563 1630 σοι

292 1659 451 1697 Heracl.
483 1661 563 1697 320
593 1657 676 1705 ἐγὼ
709 1657 755 1697 δὲ
787 1657 853 1697 καὶ
885 1659 967 1699 ζῶν
999 1657 1065 1697 καὶ
1096 1658 1238 1698 θανὼν
1268 1666 1342 1697 etc.
1516 1664 1518 1666 ’

290 1725 449 1766 Heracl.
483 1728 560 1764 599
592 1723 815 1774 τιμιωτάτη
843 1724 848 1775 Ι
876 1724 941 1765 καὶ
967 1723 1069 1766 Ζῶσ’
1099 1722 1170 1775 ὑφ’
1193 1723 1309 1774 ἡμῶν
1335 1724 1401 1765 καὶ
1424 1723 1600 1765 θανοῡσ’
1626 1724 1714 1766 ἔσει

1455 1791 1578 1832 πολύ.

382 1860 449 1900 Or.
483 1861 560 1899 307
592 1857 669 1900 οὐκ
687 1858 796 1899 ἔστι·
829 1858 910 1900 σὺν
932 1857 1003 1899 σοὶ
1022 1858 1087 1899 καὶ
1105 1859 1248 1900 θανεῖν
1267 1857 1496 1909 αἱρήσομαι
1523 1863 1527 1906 Ι
1555 1858 1713 1908 καὶζῆν

410 1928 453 1966 fr.
485 1929 561 1965 847
596 1926 661 1967 καὶ
693 1929 774 1968 ζῶν
806 1926 872 1966 καὶ
904 1926 1047 1966 θανὼν

254 1997 446 2034 Androm.
481 1997 559 2034 244
590 1992 706 2035 κάκεῖ
736 1992 787 2034 τά
818 1995 856 2042 γ’
888 1993 1044 2044 αἰσχρὰ
1075 1992 1248 2034 κάνθάδ’
1281 1992 1486 2044 αἰσχύνην
1516 1993 1600 2044 ἔχει

284 2063 369 2112 Iph.
401 2063 448 2102 T.
481 2063 558 2101 568
591 2060 692 2111 ἔστ’,
724 2060 871 2111 ἄθλιός
902 2074 963 2109 γε,
995 2060 1211 2112 κούδαμοῦ
1241 2061 1308 2101 καὶ
1339 2064 1559 2112 πανταχοῦ

367 2130 451 2168 lon.
484 2131 562 2168 384
594 2127 710 2169 κάκεῖ
740 2127 912 2169 κάνθάδ’

361 2198 446 2235 Alc.
481 2199 552 2236 661
591 2195 711 2246 χάριν
739 2194 742 2247 l
771 2195 939 2237 τοιάνδε
972 2196 1037 2236 καὶ
1069 2196 1122 2236 σὺ
1155 2196 1205 2246 χὴ
1237 2196 1406 2237 τεκοῡσ’
1437 2196 1687 2247 ἠλλαξάτην.

288 2266 448 2304 Hercul.
481 2267 559 2304 954
592 2262 680 2304 ἀλλ’
696 2263 738 2305 ἐξ
756 2263 928 2314 ἁπάσης
945 2263 1048 2314 κάμὲ
1066 2264 1133 2304 καὶ
1150 2263 1257 2305 τέκν’
1274 2262 1482 2314 Ἑλλάδος
1507 2262 1510 2316 l
1530 2264 1712 2314 ἤλαυνες

291 2333 422 2382 Suppl.
457 2334 557 2371 1181
592 2331 721 2382 χαῖρ’·
754 2330 869 2381 ἄξιος
901 2331 981 2381 γὰρ
1013 2331 1079 2372 καὶ
1110 2332 1164 2372 σὺ
1196 2331 1262 2371 καὶ
1293 2330 1417 2380 πόλις
1447 2331 1587 2373 σέθεν.

286 2400 450 2450 Hippol.
483 2402 560 2438 662
593 2400 687 2448 πῶς
719 2412 782 2439 νιν
812 2399 1029 2449 προσόψει
1060 2399 1126 2439 καὶ
1157 2399 1212 2439 σὺ
1244 2398 1310 2439 καὶ
1342 2398 1548 2439 δέσποινα
1579 2398 1646 2446 σή.

288 2466 450 2516 Hippol.
485 2469 563 2506 <593
592 2465 712 2506 ὄλοιο
743 2465 810 2506 καὶ
842 2466 897 2506 σὺ
928 2465 1085 2516 χῶστις
1117 2464 1301 2516 ἄκοντας
1333 2465 1488 2516 φίλους
1526 2488 1568 2493 -

249 2534 333 2583 Iph.
359 2535 447 2573 Aul.
480 2536 557 2572 849
590 2532 696 2583 ἴσως
728 2532 986 2583 ἐκερτόμησε
1019 2531 1122 2583 κάμὲ
1153 2532 1219 2573 καὶ
1250 2533 1300 2573 σέ
1332 2546 1394 2582 τις

251 2601 337 2649 Iph.
360 2602 449 2641 Aul.
481 2603 559 2641 888
597 2624 639 2627 -
676 2599 743 2639 καὶ
773 2600 828 2640 σὺ
860 2599 927 2640 καὶ
958 2599 1092 2650 μήτηρ
1123 2600 1260 2640 σέθεν.

258 2669 344 2717 Iph.
374 2669 421 2707 T.
458 2670 560 2708 1074
592 2666 734 2707 ὄλωλα
767 2665 883 2715 κάγὼ
915 2667 981 2707 καὶ
1012 2666 1268 2717 κασίγνητος

337 2736 420 2772 Ion.
454 2738 557 2774 1405
591 2733 815 2784 ἀνθέξομαι
850 2732 854 2785 l
882 2734 949 2774 καὶ
979 2735 1110 2783 τῆσδε
1142 2733 1208 2774 καὶ
1240 2735 1321 2775 σοῦ

339 2802 446 2851 Cycl.
480 2805 557 2842 466
591 2800 765 2842 κᾶπειτα
796 2800 862 2841 καὶ
893 2801 943 2841 σὲ
972 2801 1039 2841 καὶ
1069 2801 1222 2852 φίλους

351 2868 417 2908 Or.
453 2872 556 2908 1677
589 2868 710 2909 ὄναιο
743 2868 810 2909 καὶ
840 2868 895 2908 σὺ
924 2868 984 2919 χὼ
1016 2868 1159 2918 διδοὺς
1191 2869 1274 2918 ἐγὼ

404 2937 446 2975 fr.
480 2939 553 2975 651
591 2936 805 2977 πέπονθεν
836 2934 908 2977 οἶα
940 2935 1006 2977 καὶ
1038 2937 1089 2976 σὲ
1121 2935 1187 2977 καὶ
1217 2935 1379 2987 πάντας
1410 2938 1536 2988 μένει.
