2006 3327
899 158 944 192 39

166 277 290 316 Porro
311 278 467 317 Hecub.
489 291 525 315 v,
546 277 649 316 1187
677 273 951 326 Ἀγάμεμνον,
971 272 1259 324 ἀνθρώποισιν
1275 271 1353 312 οὐκ
1375 272 1502 323 ἐχρῆν
1519 286 1673 314 ποτε...

343 346 478 395 Suppl.
511 359 546 383 ν.
569 346 647 383 512
680 342 788 394 ὑμᾶς
819 342 1000 394 ὑβρίζειν
1029 341 1106 382 οὐκ
1137 341 1265 391 ἐχρῆν
1292 337 1452 381 τοιάνδ’
1483 339 1615 391 ὕβριν.

372 414 508 461 fragm.
544 414 648 450 1094
678 409 865 461 Παλλάς,
890 410 927 450 τί
943 412 1124 460 δρῶμεν;
1156 407 1233 449 οὐκ
1252 407 1378 458 ἐχρῆν
1393 407 1503 462 ἡμᾶς
1519 407 1647 449 ἔτι...

167 480 257 518 Nec
295 480 510 517 dissimiles
552 486 644 516 sunt
678 480 702 516 ii
734 480 822 528 loci,
868 479 1010 527 quibus
1047 489 1270 527 pronomen
1304 477 1509 513 relativum
1546 477 1676 525 ipsum

166 559 327 597 quoque
364 547 681 595 monosyllabum
718 544 844 595 ἐχρῆν
877 546 1029 583 formae
1059 544 1334 594 praemittitur.
1396 543 1518 589 Quod
1549 544 1676 580 octies

166 615 317 652 factum
347 615 523 664 repperi:
572 615 765 652 Androm.
799 614 983 660 v.1001;
1022 613 1174 650 Hecub.
1208 613 1329 657 12343
1373 611 1517 647 Electr.
1551 611 1675 657 10123

166 681 316 721 Troad.
350 683 440 726 390,
472 683 565 726 656,
598 684 698 725 937;
748 681 894 718 Bacch.
928 682 1028 723 964;
1076 679 1117 717 fr.
1150 680 1258 728 7362.
1319 678 1420 715 Satis
1462 678 1556 714 inde
1589 679 1678 714 ido-

165 761 283 787 neam
315 749 625 798 explicationem
659 749 794 797 habet‚
843 749 955 797 quod
989 753 1049 784 est
1081 746 1210 785 Orest.
1243 759 1276 783 v.
1306 747 1411 784 1030
1446 745 1520 792 Ζῆν
1551 742 1677 793 ἐχρῆν

165 815 205 855 ‹5'
238 813 301 855 ὅτ’
332 813 468 856 οὐκέτ’
501 813 547 855 εἶ.
607 817 660 852 At
692 816 723 852 si
758 816 966 853 antecedit
994 815 1231 851 vocabulum
1261 813 1386 850 maius
1418 825 1537 861 quam
1569 813 1678 861 quod

165 896 247 921 una
279 885 427 933 syllaba
460 884 729 926 contineatur,
765 880 891 931 ἐχρῆν
919 888 1152 919 constanter
1179 882 1218 917 in
1248 881 1324 917 fine
1356 880 1520 917 trimetri
1556 880 1678 916 collo-

165 957 300 988 catum
330 945 420 989 esse
452 962 605 999 cernes⁷
637 951 742 986 velut
773 950 907 998 Suppl.
938 951 1015 987 174
1047 945 1136 987 ἀλλ’
1168 945 1227 995 ὡς
1258 945 1437 996 νεκροὺς
1468 945 1677 996 θάψωσιν,

166 1015 241 1066 οὓς
271 1015 405 1066 αὐτὰς
437 1016 563 1067 ἐχρῆν
597 1040 645 1044 —
679 1018 814 1067 Suppl.
839 1020 916 1055 266
948 1017 1081 1066 γραῦς
1113 1014 1163 1055 οὐ
1186 1013 1410 1064 ’τυχούσας
1442 1013 1582 1061 οὐδέν,
1618 1012 1678 1054 ὧν

166 1082 298 1134 αὐτὰς
330 1080 470 1134 ἐχρῆν.
518 1087 711 1123 Androm.
747 1087 844 1131 395;
875 1085 1018 1124 Helen.
1053 1086 1177 1132 16503
1207 1085 1292 1122 lon.
1327 1085 1449 1130 1315;
1482 1083 1523 1120 fr.
1560 1084 1677 1121 1035.

167 1151 256 1188 Nec
297 1151 438 1188 dubito
485 1153 580 1200 quin
612 1152 762 1189 Troad.
793 1165 828 1189 v.
858 1152 961 1189 1218
995 1151 1275 1199 corrigendum
1309 1150 1376 1187 sit:
1409 1148 1435 1188 ἃ
1466 1148 1501 1189 δ’
1534 1147 1579 1190 ἐν
1609 1147 1678 1197 γά-

170 1226 284 1266 μοισι
314 1220 419 1267 χρῆν
449 1226 500 1258 σε
530 1217 797 1268 προσθέσθαι
833 1216 927 1267 χροῒ
945 1215 970 1257 1.
1038 1218 1123 1255 Iam
1160 1219 1263 1255 inter
1300 1218 1524 1266 fragmenta
1558 1218 1678 1266 tragi-

130 1288 133 1290 ’
171 1297 308 1323 corum
338 1298 362 1322 a
393 1286 548 1323 Blassio
579 1287 683 1324 Mus.
716 1286 845 1324 Rhen.
876 1286 950 1322 vol.
968 1285 1127 1322 XXXV
1158 1297 1195 1334 p.
1218 1287 1268 1322 74
1292 1296 1349 1333 sq.
1371 1285 1575 1333 publicata
1604 1285 1680 1334 pri-

168 1364 289 1400 mum,
323 1354 434 1402 quod
465 1353 521 1390 sic
553 1353 728 1390 orditur:
761 1348 795 1390 ὧ
826 1349 970 1400 πάτερ,
1002 1349 1142 1400 ἐχρῆν,
1174 1352 1264 1387 vide
1295 1363 1413 1400 quam
1437 1358 1546 1389 recte
1569 1352 1682 1388 Euri-

167 1419 251 1468 pidi
279 1420 455 1457 tribuant
472 1417 499 1458 2.

298 1486 490 1536 Superest
530 1500 609 1525 una
649 1488 1006 1524 admonitiuncula.
1080 1486 1273 1525 Nimirum
1312 1488 1423 1536 quod
1465 1488 1516 1524 de
1553 1485 1680 1536 ἐχρῆν

166 1559 260 1603 post
287 1566 489 1592 consonas
519 1553 711 1604 usurpato
743 1555 864 1592 verba
896 1555 984 1599 feci,
1016 1555 1177 1603 neglexi
1205 1566 1306 1602 quae
1338 1554 1441 1591 libris
1471 1556 1682 1592 traduntur

165 1619 204 1659 δ’
235 1618 376 1672 ἐχρῆν,
417 1622 456 1670 μ’
486 1620 625 1671 ἐχρῆν,
663 1620 703 1660 σ’
736 1619 874 1670 ἐχρῆν,
918 1617 1121 1660 ἄκλαυστ’
1152 1620 1292 1670 ἐχρῆν,
1340 1622 1407 1658 ubi
1437 1623 1604 1659 tandem
1634 1620 1681 1660 δὲ

165 1688 283 1738 χρῆν,
315 1687 364 1738 μὲ
380 1689 497 1739 χρῆν,
529 1687 580 1728 σὲ
597 1690 715 1738 χρῆν,
749 1685 969 1727 ἄκλαυστα
990 1690 1095 1737 χρῆν
1126 1690 1247 1725 edere
1268 1695 1499 1737 coeperunt.
1551 1689 1680 1726 Huius

166 1762 302 1794 autem
335 1757 494 1805 generis
523 1756 602 1793 alia
633 1767 795 1805 quoque
824 1762 918 1792 sunt
948 1768 1053 1804 quae
1085 1756 1223 1793 nescio
1255 1768 1306 1793 an
1336 1757 1420 1793 sola
1450 1758 1680 1806 superstitio

165 1824 348 1862 retineat.
416 1823 472 1860 Ut
502 1824 688 1872 Sophocl.
722 1823 781 1861 Ai.
813 1835 847 1862 v.
881 1824 958 1861 909
1001 1823 1233 1860 etiamnunc
1270 1835 1482 1872 perperam
1521 1830 1682 1861 servant

165 1891 357 1929 codicum
387 1891 644 1940 scripturam:

693 1954 786 2006 οἶος
817 1954 885 2006 ἄρ’
918 1954 1135 2006 αἱμάχθης.

167 2025 395 2075 Numquam
423 2027 542 2073 enim⁷
573 2025 668 2062 mihi
698 2026 831 2068 crede,
864 2026 1003 2073 tragici
1031 2026 1070 2062 in
1097 2025 1248 2062 melicis
1276 2026 1455 2074 partibus
1485 2027 1579 2075 quin
1608 2027 1682 2076 syl-

168 2093 279 2130 labas
317 2099 461 2130 natura
497 2093 558 2129 vel
599 2093 800 2142 positione
837 2094 977 2141 longas
1013 2099 1231 2141 augmento
1262 2093 1475 2130 induerent
1506 2099 1683 2142 praeter-

167 2160 373 2210 miserunt,
418 2161 529 2197 cuius
562 2160 618 2196 rei
648 2172 730 2196 non
761 2165 824 2197 est
857 2161 1002 2198 certius
1034 2161 1323 2197 documentum
1359 2160 1425 2197 illo
1454 2156 1557 2209 ἆρχε
1589 2161 1681 2200 Eur.

164 2227 248 2276 Iph.
278 2228 365 2266 Aul.
398 2227 488 2273 260,
519 2229 608 2266 279.

299 2294 386 2332 Nec
428 2295 558 2332 minus
597 2307 729 2332 errare
769 2295 954 2332 videntur
990 2295 1014 2331 ii
1050 2295 1116 2343 qui
1155 2301 1297 2343 poetas
1336 2295 1512 2344 tragicos
1550 2291 1584 2334 ὧ
1614 2307 1683 2335 τα-

167 2359 372 2411 λαίφρων
402 2360 538 2409 γύναι
569 2359 708 2412 (Soph.
727 2363 787 2401 Ai.
807 2360 904 2412 903)
937 2359 970 2401 ὦ
1002 2360 1181 2411 φίλταθ’
1212 2359 1365 2411 Αἵμων
1397 2360 1682 2413 (Soph.Antig.

168 2426 266 2477 572)
297 2426 486 2478 Τυνδαρί
515 2450 566 2456 -
599 2427 844 2480 κακόφρων
874 2427 980 2479 κόρα
999 2427 1014 2453 3
1050 2431 1191 2467 similia
1222 2431 1356 2467 dicere
1384 2431 1563 2479 potuisse
1594 2443 1683 2480 per-

169 2495 350 2534 hibeant.
409 2496 568 2535 Nullum
599 2499 719 2535 erede
749 2498 787 2534 in
819 2498 1033 2547 Aeschylo,
1069 2497 1283 2546 Sophocle,
1321 2497 1512 2547 Euripide
1550 2499 1682 2536 locum

170 2563 240 2599 tibi
269 2564 553 2615 appariturum,
592 2576 688 2614 quo,
724 2570 768 2602 ut
796 2565 862 2601 illo
895 2565 1018 2602 modo
1050 2565 1171 2602 locuti
1198 2576 1289 2602 esse
1317 2565 1552 2610 iudicenter‚
1599 2578 1682 2603 me-

301 2728 314 2752 ¹
340 2730 471 2772 γάμοις
495 2731 608 2775 ἐχρῆν
634 2732 728 2765 libri.
776 2732 819 2765 cs.
845 2731 1029 2763 KVecklein
1055 2732 1200 2763 Studien
1227 2743 1268 2764 zu
1294 2732 1478 2775 Euripides
1504 2743 1536 2775 p.
1554 2732 1634 2767 367.

301 2786 316 2811 2
343 2800 407 2829 ego
435 2790 535 2822 etiam
561 2795 640 2834 post
664 2790 798 2822 Kockii
832 2791 1102 2833 disputationem
1129 2791 1362 2822 doctissimam
1393 2791 1484 2822 malo
1510 2791 1682 2822 VVilamo-

174 2847 253 2879 vitzi
278 2848 444 2880 iudicium
470 2859 582 2881 meum
609 2850 729 2893 facere,
770 2850 828 2891 qui
854 2849 920 2880 hoc
948 2849 1172 2889 fragmentum
1201 2850 1244 2881 ab
1270 2850 1437 2892 Euripide
1464 2850 1683 2883 abiudicavit.

301 2905 316 2928 3
339 2909 422 2941 Eur.
448 2909 502 2942 El.
528 2907 608 2942 481.
