2006 3327
902 170 947 206 37

168 294 276 330 idem
308 294 419 342 quod
449 293 490 329 in
511 291 742 328 Florentino
765 298 805 328 et
827 290 1009 328 Palatino
1032 289 1242 333 invonitur,
1274 298 1362 324 cum
1393 286 1513 323 libros
1540 296 1678 321 eorum

168 361 221 398 ad
253 360 436 401 codicem
467 359 655 396 Vaticani
688 359 854 395 similem
886 358 1016 395 redire
1048 359 1371 394 demonstratum
1403 354 1463 391 sit.

301 428 444 464 Restat
473 437 609 463 versus
641 426 796 474 spurius
830 437 920 462 meo
952 424 1103 462 iudicio
1134 422 1320 471 Sophocl.
1352 421 1496 459 Trach.
1531 423 1625 457 305:

364 490 398 532 ὦ
427 490 513 532 Ζεῦ
544 492 728 541 τροπαῑε,
761 491 813 542 μή
846 490 941 532 ποτ’
974 488 1166 539 εἰσίδοιμί
1196 497 1247 529 σε

365 559 475 609 πρὸς
505 557 662 608 τούμὸν
696 556 806 598 οὕτω
838 558 1007 608 σπέρμα
1035 554 1292 607 χωρήσαντα
1322 567 1405 606 ποι,

243 630 320 668 305
367 626 473 678 μηδ’,
506 624 540 666 εἰ
571 625 749 676 γένοιτο,
780 625 936 675 τῆσδέ
968 638 1022 673 γε
1056 623 1223 673 ζώσης
1255 622 1338 663 ἔτι.

169 698 291 735 Miror
320 698 556 745 interpretes
589 695 737 744 fugisse
770 701 950 744 apertam
989 693 1264 741 tautologiam.
1334 691 1457 737 Quod
1498 691 1602 727 enim
1644 690 1682 725 in

168 765 362 815 prioribus
392 764 552 800 duobus
585 763 759 799 versibus
791 763 991 810 pudenter
1022 768 1141 810 atque
1165 762 1336 797 obscure
1358 760 1520 802 iecerat,
1553 757 1681 793 verbis

168 844 242 870 usa
277 831 387 869 haud
423 829 748 868 inconsideratis:
796 827 847 877 μή
880 826 973 867 ποτ’
1008 825 1252 876 εἰσίδοιμί
1284 834 1346 871 σε,
1393 826 1433 862 id
1471 831 1607 862 votum
1644 824 1684 860 in

169 899 282 948 peius
312 910 469 951 versum
501 904 543 934 et
574 897 688 934 aliter
719 909 765 934 ac
795 897 968 933 decebat
1007 907 1244 944 generosam
1281 894 1498 940 mulierem,
1546 892 1684 928 ultimo

169 966 347 1002 trimetro
380 965 569 1002 Deianira
605 965 737 1012 eloqui
775 964 942 1011 cogitur,
989 964 1101 1012 quasi
1136 974 1242 1009 vero,
1288 961 1485 1010 quidquid
1521 959 1685 996 calami-

171 1033 263 1070 tatis
294 1033 382 1082 ipsa
413 1039 570 1070 mortua
601 1033 680 1069 suis
711 1037 945 1069 eventurum
979 1038 1099 1076 esset,
1132 1020 1293 1067 minime
1325 1028 1534 1066 curaverit.

303 1100 418 1138 Haec
450 1100 531 1136 fere
563 1100 614 1136 de
645 1099 722 1136 hac
752 1110 792 1134 re
823 1100 956 1147 putavi
983 1110 1072 1135 esse
1100 1098 1287 1134 dicenda.
1334 1097 1512 1145 Apparet
1535 1100 1683 1138 autem,

174 1169 328 1216 opinor,
362 1167 628 1204 fundamento
646 1166 859 1203 infirmiore
890 1166 961 1202 niti
989 1166 1220 1214 opinionem
1246 1176 1399 1208 eorum,
1432 1163 1498 1212 qui
1519 1162 1684 1210 simplex

175 1232 249 1274 ὅδε
281 1235 388 1272 idem
419 1241 540 1283 atque
573 1231 656 1280 ἐγώ
688 1233 848 1281 tragicis
880 1233 1012 1269 valere
1043 1233 1223 1282 potuisse
1254 1232 1328 1269 sibi
1359 1230 1642 1279 persuaserint.

304 1355 393 1398 ἐπεί
423 1370 470 1406 γε
489 1356 504 1382 ¹
533 1366 576 1396 ut
607 1359 770 1396 omnino
801 1359 980 1395 insolens
1014 1364 1135 1406 atque
1166 1357 1414 1404 inusitatum,
1447 1355 1504 1390 ita
1534 1354 1573 1389 in
1605 1359 1683 1389 tra-

175 1427 323 1474 goedia
359 1427 436 1463 nisi
472 1426 641 1475 sparsim
677 1438 759 1463 non
799 1425 1125 1474 deprehenditur.
1184 1424 1257 1461 Est
1288 1423 1393 1459 enim
1423 1434 1544 1458 unum
1574 1421 1685 1469 apud

171 1493 414 1542 Aeschylum
446 1494 673 1544 exemplum
705 1493 813 1533 Pers.
847 1494 927 1531 384

370 1559 460 1600 ἐπεί
489 1573 537 1608 γε
569 1559 712 1610 μέντοι
742 1558 1015 1609 λευκόπωλος
1045 1557 1179 1609 ἡμέρα

368 1621 513 1669 πᾶσαν
542 1627 722 1678 κατέσχε
754 1628 890 1678 γαῖαν,

174 1709 296 1734 unum
328 1698 438 1746 quod
469 1703 623 1734 certum
653 1698 714 1747 sit,
746 1697 855 1746 apud
885 1696 1128 1745 Sophoclem
1159 1694 1305 1732 Trach.
1336 1695 1416 1732 484

372 1761 461 1803 ἐπεί
490 1775 538 1810 γε
571 1763 645 1812 μὲν
676 1762 726 1812 δὴ
759 1761 880 1803 πάντ’
911 1761 1139 1802 ἐπίστασαι
1171 1759 1311 1809 λόγον,

175 1844 265 1869 cum
286 1832 420 1880 Antig.
445 1844 600 1869 versum
621 1834 699 1871 923
730 1832 807 1870 alia
837 1833 890 1869 de
921 1843 1046 1869 causa
1076 1830 1267 1868 deleverit
1289 1828 1513 1875 Nauckius3
1548 1828 1687 1864 utrius-

175 1912 253 1949 que
289 1906 423 1938 autem
458 1902 662 1950 proprium
701 1907 765 1937 est
803 1900 881 1937 hoc
921 1901 1033 1949 quod
1071 1911 1160 1935 cum
1191 1896 1344 1946 μέντοι,
1389 1894 1465 1945 μέν
1503 1893 1552 1943 δή
1584 1907 1690 1932 nexa

174 1968 367 2017 particula
395 1966 442 2015 γέ
473 1968 652 2013 occurrit,
682 1968 915 2016 quibuscum
947 1979 967 2002 e
991 1978 1099 2003 more
1123 1966 1368 2014 saepissume
1391 1961 1479 2011 (ita)
1504 1963 1688 2010 iungitur.

176 2034 311 2082 Quare
351 2036 436 2072 sine
474 2036 533 2072 his
570 2048 621 2072 ne
658 2033 706 2082 γέ
746 2036 910 2084 quidem
948 2035 1001 2070 ad
1040 2031 1131 2072 ἐπεί
1162 2033 1246 2070 illos
1278 2031 1534 2080 apposituros
1568 2029 1689 2066 fuisse

173 2104 258 2141 iure
288 2103 506 2149 existimes,
549 2103 720 2140 maxime
751 2104 912 2152 quidem
945 2101 1189 2150 Aeschylum
1221 2100 1260 2136 in
1290 2098 1496 2135 enuntiato
1532 2102 1689 2145 tempo·

175 2170 256 2208 rali.
314 2170 486 2207 Diversa
527 2176 662 2208 autem
702 2182 765 2207 res
805 2176 866 2207 est
906 2170 1014 2219 apud
1053 2168 1300 2217 Euripidem,
1348 2165 1460 2202 cuius
1503 2169 1691 2213 quattuor

175 2238 359 2288 exempla
389 2238 618 2276 indubitata
648 2238 743 2274 mihi
773 2238 948 2276 enotavi.
1010 2236 1112 2273 Nam
1144 2234 1249 2284 Cycl.
1282 2247 1316 2271 v.
1348 2234 1426 2270 220

372 2301 528 2353 ἥκιστ’·
561 2303 649 2345 ἐπεί
678 2303 714 2352 γ’
748 2302 799 2344 ἂν
828 2303 874 2344 ἐν
905 2302 1011 2356 μέσῃ
1042 2304 1090 2354 τῇ
1121 2299 1295 2350 γαστέρι

373 2373 594 2422 πηδῶντες
626 2370 873 2412 ἀπολέσαιτ’
907 2369 958 2411 ἂν
989 2368 1071 2410 ὑπὸ
1102 2369 1186 2409 τῶν
1218 2365 1445 2417 σχημάτων

177 2441 374 2479 Seidlerus
406 2439 496 2480 ἐπεί
527 2437 563 2490 μ’
600 2438 652 2479 ἂν
683 2440 882 2478 revocavit
922 2445 963 2475 et
999 2438 1178 2476 eiusdem
1218 2436 1375 2473 fabulae
1414 2446 1570 2472 versum
1614 2435 1688 2471 181

179 2507 357 2557 spurium
387 2508 542 2546 notavit
573 2507 885 2544 Wilamovitzius
917 2505 1034 2543 Anal.
1067 2504 1202 2552 Eurip.
1234 2515 1271 2551 p.
1305 2504 1397 2541 225.
1458 2502 1601 2550 Itaque
1632 2513 1692 2537 re-

177 2575 378 2611 lincuntur

232 2641 391 2679 Hercul.
425 2642 501 2680 140
539 2640 615 2681 τὸν
643 2634 894 2690 Ἡράκλειον
924 2637 1085 2688 πατέρα
1117 2636 1183 2676 καὶ
1215 2633 1436 2687 Ξυνάορον,

544 2705 578 2747 εἰ
608 2706 685 2757 χρή
717 2704 756 2757 μ7
789 2706 955 2756 ἐρωτῶ·
987 2704 1064 2755 χρὴ
1097 2704 1147 2749 δ’,
1179 2702 1267 2743 ἐπεί
1296 2715 1343 2750 γε
1375 2701 1589 2752 δεσπότης

543 2773 659 2824 ὑμῶν
689 2773 870 2824 πέφυκα.

314 2860 326 2884 1
352 2874 421 2894 non
450 2873 591 2896 numero
620 2863 771 2906 exempli
797 2862 903 2904 gratia
928 2863 1009 2894 Eur.
1036 2860 1116 2892 Hel.
1147 2859 1255 2893 1254:
1302 2859 1382 2894 ἐπεί
1407 2862 1474 2893 νῦν
1499 2860 1531 2900 γ’
1559 2858 1693 2900 ἀθλίως

180 2920 259 2967 <σ’>
287 2921 408 2964 ἔχονθ’
435 2921 522 2965 ὁρῶ.
