2006 3327
1026 241 1071 275 ‘24

492 360 575 409 ἐγὼ
598 360 633 400 δ’
657 358 835 398 ἀπαυδῶ
858 355 991 396 τᾶλλα
1013 355 1046 394 τ’
1069 353 1121 404 (γ’
1141 353 1272 403 ἄλλος
1291 355 1344 403 ll.)
1366 352 1444 403 οὐχ
1467 350 1616 401 ἥσσων
1637 351 1765 393 σέθεν

491 427 557 468 καὶ
588 427 717 475 τῆσδε
745 425 889 477 πολλῷ
920 420 1176 472 κυριώτερος
1206 420 1355 471 γεγώς.

295 499 348 535 At
380 497 561 535 haerebis
593 496 786 532 Androm.
819 493 918 530 585:

490 559 646 602 οὔκουν
678 557 842 599 ἐκείνου
873 555 983 607 τάμὰ
1013 554 1206 596 τάκείνου
1237 554 1271 595 τ’
1304 553 1399 605 ἐμά;

297 633 375 669 Ubi
406 627 516 679 τάμά
548 642 595 666 ex
628 626 664 667 θ’
697 624 781 676 ἁμά
810 624 853 677 (ἃ
876 623 969 674 ἐμά)
1002 625 1195 673 originem
1225 625 1387 662 duxisse
1417 625 1553 673 possis
1580 620 1806 672 suspicaril.

297 701 428 748 Saepe
464 697 626 746 quidem
658 707 682 748 T,
711 702 751 731 et
781 696 804 732 θ
837 692 1151 740 confunduntur,
1198 704 1275 740 quo
1307 704 1328 729 e
1358 704 1505 739 genere
1541 703 1660 728 unum
1689 703 1804 739 prae-

301 774 412 803 terea
444 763 717 801 testimonium
750 761 930 799 adferam
960 760 1042 808 Iph.
1074 759 1162 796 Aul.
1196 760 1295 796 657:

495 828 604 869 Θέλω
635 826 731 876 γε·2
761 826 810 867 τὸ
841 826 976 867 θέλειν
1006 823 1040 865 δ’
1074 823 1151 865 οὐκ
1181 822 1289 874 ἔχων
1321 822 1562 874 ἀλγύνομαι.

302 899 377 935 Vix
409 898 514 934 enim
542 897 682 934 dubito
714 896 809 944 quin
835 895 933 931 olim
965 893 1098 930 fuerit:

490 962 604 1003 ’θέλω
635 971 699 1011 γε·
731 961 779 1002 τὸ
809 961 944 1001 τελεῖν
976 958 1012 999 δ’
1041 958 1116 999 οὐκ
1149 957 1258 1008 ἔχων
1291 955 1534 1008 ἀλγύνομαι.

300 1032 546 1081 Relinquitur
577 1032 718 1068 unicus
749 1030 923 1067 Medeae
958 1040 1094 1065 versus
1128 1029 1252 1065 1353:

692 1095 802 1145 Ζεὺς
832 1094 1041 1144 ἠπίστατο

498 1161 549 1204 οἷ’
581 1162 624 1204 ἐξ
646 1162 757 1213 ,ἐμοῦ
785 1161 1004 1211 πέπονθας
1035 1158 1106 1200 οἷά
1137 1158 1170 1200 τ’
1202 1158 1397 1210 εἰργάσω,

305 1234 365 1272 eui
397 1234 487 1270 loco
520 1229 588 1271 οἷα
619 1233 656 1271 δ’
688 1228 872 1280 εἰργάσω
912 1230 1168 1266 reddendum
1200 1240 1290 1265 esse
1322 1228 1543 1276 Elmsleyus
1579 1228 1689 1275 vidit,
1736 1228 1812 1265 alia

305 1313 401 1339 sane
441 1300 659 1336 ratiuncula
695 1300 852 1336 ductus,
919 1297 1077 1334 Scilicet
1107 1297 1147 1333 in
1179 1295 1418 1345 repetitione
1449 1292 1692 1331 verborum3
1722 1307 1813 1332 nus-

305 1380 424 1418 quam
455 1365 501 1406 δέ
535 1379 616 1403 non
648 1363 873 1415 apparere4
904 1365 1165 1408 intellexerat,
1199 1375 1279 1412 qua
1310 1363 1591 1399 observatione
1624 1362 1719 1398 nihil
1751 1368 1814 1399 est

301 1436 430 1473 verius
471 1446 612 1482 neque,
655 1434 686 1469 si
727 1433 861 1469 omnia
902 1432 966 1468 ille
1005 1432 1190 1480 exempla
1227 1431 1434 1479 adponere
1478 1429 1606 1467 noluit
1639 1450 1689 1455 —
1720 1435 1814 1466 sunt

307 1503 412 1540 enim
442 1503 650 1539 innumera
681 1522 746 1545 —-,
796 1500 837 1536 id
875 1499 1051 1536 editores
1081 1510 1242 1535 movere
1279 1497 1431 1542 debuit,
1477 1502 1521 1533 ut
1551 1496 1814 1533 certissimam

306 1569 633 1608 emendationem
664 1574 910 1616 respuerent.

433 1636 600 1674 Minime
633 1646 725 1672 vero
757 1646 847 1671 cum
883 1633 1020 1681 regula
1049 1644 1071 1668 a
1102 1632 1216 1668 nobis
1248 1631 1466 1668 constituta
1497 1636 1679 1679 pugnant
1709 1631 1814 1667 Ionis

306 1717 442 1742 versus
475 1705 574 1742 1601
603 1714 681 1750 sq.:

501 1770 576 1810 νῦν
609 1766 686 1808 οὗν
718 1765 872 1815 σιώπα,
906 1767 1005 1816 παῖς
1037 1763 1101 1805 ὅδ’
1134 1764 1192 1814 ὡς
1222 1764 1386 1815 πέφυκε
1417 1763 1510 1815 σός,

498 1835 551 1877 ἵν’
582 1834 607 1884 ἡ
640 1833 816 1884 δόκησις
846 1831 1017 1873 Ξοῦθον
1048 1830 1185 1881 ἡδέως
1217 1830 1303 1884 ἔχῃ,

500 1902 555 1944 σύ
586 1901 618 1943 τ’
653 1900 706 1942 αὖ
735 1900 787 1941 τὰ
818 1902 981 1950 σαυτῆς
1011 1897 1130 1947 ἀγάθ’
1163 1897 1305 1949 ἕχουσ’
1337 1898 1418 1953 ἴῃς,
1449 1897 1582 1947 γύναι.

303 1975 492 2024 quoniam
530 1973 583 2009 ad
623 1971 920 2021 oppositionem
961 1969 1220 2005 indicandam
1250 1968 1283 2007 τ’
1315 1965 1367 2006 αὗ
1399 1969 1523 2005 multo
1554 1968 1641 2017 plus
1673 1968 1815 2015 valere,

304 2055 425 2092 quam
460 2041 625 2089 simplex
653 2036 697 2077 τέ
720 2044 1038 2075 consentaneum
1061 2044 1133 2073 est.
1192 2035 1313 2072 Velut
1335 2042 1466 2073 exstat
1487 2036 1639 2073 Phoen.
1660 2036 1738 2073 452
1757 2047 1816 2083 sq.

503 2105 692 2155 ἐπίσχες·
725 2103 841 2144 οὔτοι
871 2103 921 2143 τὸ
952 2101 1056 2152 τάχυ
1088 2102 1164 2151 τὴν
1194 2101 1312 2152 δίκην
1342 2101 1440 2152 ἔχει,
1472 2124 1523 2129 -
1557 2124 1605 2128 —

376 2178 453 2214 457
501 2173 556 2214 σύ
586 2173 619 2213 τ’
654 2170 706 2212 αὖ
736 2170 971 2221 πρόσωπον
1000 2168 1110 2220 πρὸς
1143 2168 1398 2218 κασίγνητον
1428 2167 1600 2218 στρέφε,

503 2238 784 2288 Πολύνεικες·

265 2358 269 2361 .
309 2311 394 2349 Nec
426 2311 604 2359 denique
635 2309 797 2345 obstant
828 2306 1034 2343 Troadum
1061 2316 1197 2341 versus
1231 2305 1309 2342 655
1332 2315 1409 2352 sq:

439 2452 452 2474 ¹
478 2455 560 2484 Non
588 2452 698 2497 nimisj
718 2451 892 2490 eleganter
918 2450 980 2480 tria
1006 2449 1172 2490 deinceps·
1200 2447 1368 2478 vocabula
1395 2457 1414 2477 a
1438 2457 1460 2479 τ
1484 2446 1664 2487 incipiunt.

436 2511 450 2534 2
478 2513 520 2554 γέ
547 2518 635 2544 recte
664 2516 729 2542 stat
755 2520 863 2552 neque
891 2519 965 2540 cum
993 2507 1148 2550 sequenti
1175 2506 1214 2540 δέ
1240 2507 1491 2546 iungendumst.
1519 2505 1594 2536 ‘Ich
1620 2504 1693 2536 will
1716 2499 1782 2546 ja'.

441 2570 455 2592 3
480 2573 559 2603 Eur.
587 2571 713 2602 Electr.
741 2568 808 2602 «375
859 2567 927 2601 ΟΡ.
954 2566 1060 2609 νίκην
1088 2566 1149 2606 δὸς
1175 2566 1271 2609 ἡμῖν,
1299 2564 1329 2599 εἰ
1355 2564 1460 2598 δίκαι’
1490 2563 1702 2605 αἰτούμεθα.

857 2626 926 2659 ΗΛ.
954 2625 1015 2666 δὸς
1042 2626 1135 2667 δῆτα
1161 2623 1300 2666 πατρὸς
1325 2624 1450 2657 τοῖσδε
1475 2623 1638 2665 τιμωρὸν
1664 2621 1779 2664 δίκην.

307 2689 528 2721 salsissimum
557 2698 633 2719 esse
662 2687 724 2726 δὸς
741 2705 779 2709 -
797 2684 901 2727 δίκην
928 2683 1077 2715 λλῙεὶῙίυε
1105 2683 1366 2725 demonstravit3
1405 2687 1437 2713 at
1463 2682 1552 2713 idem
1579 2692 1649 2712 non
1675 2680 1819 2721 agnovit

308 2747 547 2790 repetitionem
574 2746 774 2777 verborum:
802 2743 906 2785 νίκην
933 2743 1048 2783 δὸς-
1067 2741 1128 2782 δὸς
1155 2742 1291 2784 δῆτα,
1325 2741 1413 2771 unde
1440 2740 1598 2778 efficitur,
1626 2744 1661 2770 ut
1688 2739 1731 2770 ad
1758 2738 1819 2778 δὸς

311 2808 406 2848 δῆτα
432 2805 663 2848 supplendum
691 2804 732 2835 sit
758 2802 863 2845 νίκην
891 2808 923 2833 et
951 2806 1043 2833 totus
1070 2801 1169 2832 locus
1198 2801 1247 2831 sic
1274 2801 1343 2831 sere
1370 2799 1605 2831 exhibendus:
1637 2797 1699 2838 δὸς
1726 2798 1819 2839 δῆτα

310 2865 449 2908 πατρὸς
476 2864 600 2898 τοῖσδε
627 2865 800 2904 τιμωροῑς
828 2860 921 2904 δίκῃ.
962 2861 1003 2893 cf.
1031 2870 1119 2902 quae
1145 2860 1335 2891 scribemus
1363 2870 1394 2901 p.
1417 2857 1472 2890 255».
1523 2858 1680 2888 Ceterum
1707 2866 1817 2897 τιμω-

313 2927 391 2967 ροῖς
419 2925 483 2955 iam
513 2923 667 2954 KVeilins
696 2921 832 2953 invenit.
885 2921 941 2951 An
970 2919 1091 2952 τοῖνδε
1119 2918 1316 2960 τιμωροῖνῗ

442 2981 453 3003 4
481 2983 568 3014 hanc
595 2982 707 3021 legem
735 2991 753 3011 a
778 2981 877 3011 bonis
906 2979 1127 3021 scriptoribus
1154 2978 1313 3010 omnibns
1342 2978 1555 3009 observatam
1583 2975 1746 3008 invenies.
1792 2972 1794 2976 '
