2006 3327
1025 187 1045 215 (ζ

280 316 321 340 se
353 303 486 350 habet,
535 303 645 351 quod
682 298 792 350 χαρά
829 302 1052 350 appellatur
1088 300 1321 350 κέρτομοςΡ
1379 302 1545 339 Irrisorii
1577 302 1672 350 fingi
1702 315 1795 351 pos-

278 376 371 406 sunt
406 370 602 412 homines,
645 380 857 416 personae,
903 380 1123 413 sermones,
1170 380 1356 417 pompae,
1400 381 1534 412 voces,
1586 369 1795 418 imagines,

277 437 339 472 vel
371 437 564 484 gaudium
595 435 788 472 irridendi
819 435 936 471 facile
967 436 1054 484 quis
1087 436 1159 472 sibi
1195 436 1369 482 finxerit3
1416 436 1578 472 minime
1610 448 1705 472 vero
1738 437 1795 473 fa-

278 503 351 540 cile
392 503 584 551 gaudium
625 502 852 540 irrisorium.
913 501 1086 538 Accedit
1125 502 1245 540 aliud.
1306 502 1407 539 Esse
1454 503 1567 551 quasi
1609 502 1796 540 familiam

277 570 482 617 quandam
512 569 880 617 interpoffltionum,
922 580 1028 616 quae
1060 580 1133 616 per
1162 568 1372 616 Sophoclis
1404 570 1687 618 Euripidisque
1719 576 1797 606 tra-

276 637 446 686 goedias
476 636 731 684 pullulaverit
760 635 987 672 hominibus
1019 636 1204 671 absurdis
1228 637 1473 680 curantibus,
1505 648 1556 673 ne
1588 637 1685 685 quid
1715 643 1793 673 tra-

276 704 353 751 gici
385 703 614 740 viderentur
645 703 840 748 omisisse,
874 702 1188 739 Wilamovitzius
1219 702 1406 739 observat
1427 704 1633 752 praeclara
1656 703 1794 751 dispu-

278 770 433 807 tatione
463 769 667 806 Analectis
708 769 934 818 Euripideis
973 769 1123 805 inserta
1160 768 1227 818 ΠΙ,
1258 770 1280 806 3
1320 781 1358 817 p.
1391 771 1482 808 205.
1549 771 1582 807 E
1617 771 1796 820 pluribus

280 849 412 886 pauca
441 837 626 885 exempla
656 837 808 874 selecta
839 847 1063 885 apponam:

305 903 396 941 Eur.
415 903 539 940 Andr.
562 904 642 942 810
672 901 800 942 πόσιν
830 901 1059 953 τρέμουσα,
1092 900 1143 951 μὴ
1177 900 1268 942 ἀντὶ
1298 903 1383 942 τῶν
1414 901 1685 952 δεδραμένων

674 967 719 1008 ἐκ
749 968 872 1009 τῶνδ’
907 967 1064 1019 ἀτίμως
1098 967 1306 1018 δωμάτων
1338 967 1560 1021 ἀποσταλῇ

675 1034 719 1088 [ἢ
751 1034 936 1088 κατθάνῃ
969 1034 1171 1076 κτείνασα
1202 1036 1304 1085 τοὺς
1336 1034 1385 1076 οὐ
1417 1035 1496 1086 χρὴ
1528 1035 1716 1088 κτανεῖν]

480 1107 537 1144 El.
563 1107 641 1144 308
674 1102 776 1152 αὐτὴ
810 1103 884 1152 μὲν
917 1102 1187 1152 ἐκμοχθοῦσα
1218 1102 1403 1153 κερκίσιν
1431 1103 1622 1152 πέπλους

676 1169 722 1222 [ἢ
753 1170 915 1220 γυμνὸν
946 1169 1024 1210 ἕξω
1053 1171 1176 1220 σῶμα
1207 1169 1275 1210 καὶ
1305 1169 1598 1220 στερήσομαι]

385 1242 546 1278 Hercul.
571 1242 647 1279 184
681 1238 780 1288 ἐροῦ
810 1236 886 1278 τίν’
919 1235 1036 1287 ἄνδρ’
1068 1235 1244 1287 ἄριστον
1275 1236 1509 1287 ἐγκρίναιεν
1540 1237 1592 1277 ἂν

676 1305 718 1355 [ἢ
751 1304 802 1346 οὐ
834 1306 967 1345 παῖδα
988 1304 1063 1345 τὸν
1086 1303 1201 1356 ἐμόν,
1233 1304 1282 1345 ὃν
1305 1304 1359 1344 σὺ
1382 1304 1468 1355 φὴς
1491 1303 1598 1345 εἶναι
1626 1306 1798 1353 δοκεῖν]

429 1376 541 1414 Med.
566 1377 643 1413 246
678 1372 756 1414 ἔξω
789 1372 929 1422 μολὼν
961 1370 1122 1412 ἔπαυσε
1154 1370 1330 1421 καρδίαν
1359 1369 1470 1422 ἄσης

679 1439 720 1489 [ἢ
755 1439 864 1489 πρὸς
897 1438 1023 1488 φίλον
1053 1440 1127 1478 τιν’
1158 1437 1182 1487 ἢ
1214 1438 1324 1488 πρὸς
1354 1437 1477 1488 ἥλικα
1508 1437 1722 1489 τραπείς·]

439 1511 546 1560 Cycl.
572 1511 650 1548 202
683 1504 772 1547 ἀλλ’
805 1504 840 1547 εἰ
872 1507 1014 1547 θανεῖν
1045 1507 1118 1555 δεῖ,
1151 1504 1455 1555 κατθανούμεθ’
1489 1504 1675 1555 εὐγενῶς

678 1574 719 1623 [ἢ
752 1576 909 1622 Ζώντες
941 1571 1060 1613 αἶνον
1092 1572 1166 1613 τὸν
1197 1571 1336 1623 πάρος
1369 1571 1414 1613 εὖ
1447 1571 1685 1626 σῴσομενζ]

413 1645 523 1692 Quid
555 1645 683 1693 igitur,
733 1654 899 1693 quaeso,
945 1643 977 1678 si
1013 1647 1193 1678 nostrum
1233 1653 1392 1678 versum
1431 1649 1473 1678 et
1509 1653 1581 1689 per
1620 1653 1663 1677 se
1705 1642 1801 1678 satis

279 1715 461 1761 ineptum
501 1718 543 1748 et
583 1723 673 1748 cum
715 1716 800 1747 arte
845 1709 1011 1746 metrica
1054 1714 1306 1757 pugnantem
1354 1709 1487 1745 eidem
1532 1708 1803 1757 interpolandi

282 1780 417 1817 studio
450 1775 697 1816 tribuamus?
756 1776 906 1820 Audio,
937 1776 1084 1824 inquit3
1127 1776 1201 1812 sed
1234 1782 1318 1811 tum
1350 1776 1447 1824 quid
1476 1782 1641 1824 postero
1674 1776 1803 1811 versui

282 1846 511 1884 faciendum
542 1856 631 1881 esse
664 1855 819 1891 censes,
852 1843 917 1892 qui
939 1856 962 1879 e
983 1843 1247 1892 praecedenti
1270 1848 1379 1879 totus
1401 1840 1581 1892 pendet?
1627 1842 1689 1879 Ne
1710 1855 1803 1879 eum

280 1914 444 1962 quidem
481 1918 592 1950 recte
632 1912 733 1948 tradi
770 1917 881 1959 puto,
927 1910 1039 1947 nisus
1079 1910 1366 1947 observatione
1403 1911 1581 1959 quadam
1612 1911 1803 1959 exemplis

281 1979 552 2029 compluribus
586 1980 753 2016 firmata.
813 1978 954 2015 Habes

458 2047 541 2085 Alc.
591 2048 641 2084 53
675 2043 752 2084 οὐκ
783 2042 893 2084 ἔστι·
929 2044 1065 2093 τιμαῖς
1096 2041 1201 2093 κάμὲ
1232 2042 1464 2092 τέρπεσθαι
1494 2041 1618 2083 δόκει.

457 2115 543 2152 Alc.
567 2115 643 2152 539
677 2110 754 2152 οὐκ
783 2110 909 2157 ἔστιν,
939 2109 1071 2150 ὦναξ·
1104 2111 1156 2159 μὴ
1187 2109 1362 2150 τοσόνδ’
1394 2108 1509 2150 ἔλθοι
1540 2108 1683 2150 κακόν.

390 2182 537 2219 Electr.
562 2182 639 2219 759
672 2177 749 2219 οὐκ
782 2177 892 2218 ἔστι·
924 2176 1188 2226 νικώμεσθα·

451 2250 537 2287 Ion.
561 2250 638 2286 341
673 2244 750 2286 οὐκ
782 2245 916 2285 ἔστιν·
949 2243 1107 2294 ἀνδρὸς
1141 2242 1304 2284 ἀδικίαν
1337 2242 1594 2293 αἰσχύνεται.

383 2316 467 2366 Iph.
490 2317 537 2354 T.
561 2317 638 2354 538
671 2313 747 2354 οὐκ
778 2312 914 2353 ἔστιν·
948 2311 1091 2362 ἄλλως
1122 2310 1259 2361 λέκτρ’
1290 2310 1406 2361 ἔγημ’
1439 2311 1484 2352 ἐν
1517 2311 1672 2352 Αὐλίδι.

433 2384 539 2433 Cycl.
566 2386 642 2421 116
675 2380 752 2422 οὐκ
784 2379 886 2422 εἴσ’·
918 2380 1065 2431 ἔρημοι
1096 2381 1265 2430 πρῶνες
1298 2377 1544 2429 ἀνθρώπων,
1575 2379 1680 2420 Ξένε.

404 2452 513 2490 Med.
541 2453 647 2490 1404
679 2447 756 2489 οὐκ
788 2447 900 2488 ἔστι·
939 2445 1072 2497 μάτην
1105 2445 1211 2497 ἔπος
1242 2445 1440 2496 ἔρριπται.

408 2519 538 2558 Orest.
564 2521 641 2557 :307
674 2515 751 2556 οὐκ
774 2515 888 2556 ἔστι·
921 2514 1002 2555 σὺν
1024 2514 1094 2554 σοὶ
1112 2513 1180 2554 καὶ
1197 2515 1340 2555 θανεῖν
1358 2513 1585 2565 αἱρήσομαι
1607 2514 1611 2566 Ι
1630 2514 1697 2554 καὶ
1714 2516 1802 2565 Ζῆν,

390 2586 542 2624 Troad.
565 2587 643 2624 306
677 2582 754 2623 οὐκ
785 2583 924 2623 ἔστιν·
958 2581 1008 2623 οὐ
1038 2582 1292 2631 πιμπρᾶσιν·

404 2652 542 2700 fragm.
567 2654 644 2690 373
676 2649 753 2691 οὐκ
785 2649 912 2698 ἔστιν,
947 2648 980 2689 ὦ
1012 2648 1169 2699 γεραιέ,
1204 2648 1256 2698 μὴ
1290 2647 1437 2701 δείσῃς
1466 2646 1585 2688 τάδε·
1606 2647 1620 2672 1

679 2717 729 2757 τὰ
761 2715 997 2757 Δαιδάλεια
1027 2714 1167 2756 πάντα
1199 2716 1406 2756 κινεῖσθαι
1437 2714 1564 2755 δόκει.

415 2867 428 2891 l
453 2870 659 2913 paucissima
683 2870 784 2901 huius
813 2870 948 2911 generis
975 2869 1131 2911 exempla
1158 2869 1270 2900 adfert
1295 2868 1384 2900 Eric.
1412 2868 1562 2905 Bussler,
1595 2868 1638 2899 de
1665 2870 1799 2899 senten-

286 2931 406 2962 tiarum
433 2927 590 2971 asyndeti
617 2939 681 2960 usu
707 2928 912 2971 Euripideo.
963 2928 1058 2961 Diss.
1086 2927 1166 2960 Hal.
1193 2928 1319 2960 Saxon.
1351 2926 1450 2960 1887.
1479 2938 1511 2969 p.
1539 2926 1594 2959 28.
