2006 3327
481 130 498 146 ⁹
926 150 970 183 35

194 281 295 317 quos
317 280 455 305 versus
478 267 613 304 nescio
646 279 697 303 an
728 267 868 303 iniuria
890 268 1056 312 Kvicala
1085 268 1375 316 suspectaverit
1395 264 1421 304 ¹.
1482 267 1707 315 Sophocles

195 348 288 373 vero
320 335 571 384 participium
601 335 837 371 substantivi
867 335 957 372 loco
985 335 1159 383 positum
1190 336 1229 371 in
1259 335 1324 371 illa
1356 334 1706 372 circumlocutione

195 402 378 440 adhibuit

249 469 392 507 Traeh.
427 470 531 507 1013
590 467 657 507 καὶ
687 469 763 507 νῦν
793 466 861 507 ἐπὶ
891 469 998 521 τῷδε
1030 468 1233 508 νοσοῦντι

588 533 638 574 οὐ
671 537 753 584 πῦρ
785 534 864 575 οὐκ
884 533 1009 585 ἔγχος
1038 548 1098 584 τις
1121 534 1328 584 ὀνήσιμον
1348 534 1436 576 ,οὐκ
1471 533 1706 585 ἐπιτρέψει;

192 605 278 642 Nec
308 608 514 653 postremo
547 603 692 639 tacebo
728 603 924 651 pluralem
962 604 1001 640 in
1039 604 1151 640 simili
1188 605 1365 641 dictione
1396 609 1640 651 usurpatum,
1673 604 1708 640 si

191 672 354 722 quidem
385 682 542 707 versum
574 670 758 707 Electrae
787 671 1029 719 Euripideae
1058 673 1135 709 676
1166 672 1205 707 in
1235 672 1501 708 adnotatione
1531 671 1704 720 paginae

193 740 243 776 24
275 738 455 774 subiecta
486 742 595 774 recte
627 738 683 774 sic
714 739 1012 775 emendandum
1040 750 1128 775 esse
1160 739 1466 776 contendimus:
1492 736 1568 786 δὸς
1598 738 1704 786 δῆτα

191 802 356 854 πατρὸς
386 804 533 843 τοῖσδε
564 804 763 853 τιμωροῖς
795 802 884 857 δίκῃ
903 802 929 842 2.

322 872 583 909 Relincuntur
634 884 838 921 perpauca
885 873 950 908 illa
993 873 1189 921 exempla,
1235 873 1275 908 in
1323 873 1463 921 quibus
1505 868 1580 911 ὅδε
1619 872 1706 909 sine

192 934 421 977 adiectione
452 940 628 988 positum
658 939 867 975 notionem
897 936 979 985 ἐγώ
1009 939 1255 988 pronominis
1287 940 1347 976 vel
1366 940 1515 988 ‘explet
1546 940 1606 976 vel
1636 953 1704 976 ex-

189 1007 298 1056 plere
329 1007 591 1044 existimatur.
651 1006 768 1053 Quae
799 1007 1029 1054 singillatim
1060 1007 1329 1044 recensiturus
1360 1007 1514 1043 initium
1548 1007 1651 1044 sacio
1684 1020 1708 1044 a

193 1074 369 1111 versibus
401 1074 492 1112 Eur.
524 1073 675 1111 Troad.
709 1072 944 1110 difficillimis
978 1075 1057 1111 940
1088 1086 1145 1121 sq.

455 1148 545 1200 ἦλθ’
578 1148 670 1200 οὐχὶ
701 1149 848 1200 μικρὰν
880 1149 979 1190 θεὸν
1010 1148 1117 1199 ἔχων
1149 1148 1280 1190 αὑτοῦ
1312 1149 1416 1199 με’τα

455 1216 478 1258 ὁ
509 1216 630 1266 τῆσδ’
663 1215 873 1266 ἀλάστωρ,
907 1214 980 1256 εἴτ’
1013 1214 1290 1266 Ἀλέξανδρον
1322 1216 1459 1267 θέλεις

449 1283 630 1333 ’ὀνόματι
661 1285 938 1333 προσφωνεῖν
968 1296 1031 1323 νιν
1062 1281 1143 1323 εἴτε
1174 1282 1243 1323 καὶ
1276 1281 1428 1335 Πάριν,

189 1367 332 1415 quibus
372 1367 423 1402 cle
460 1366 639 1402 versibus
683 1365 733 1401 ab
773 1364 931 1401 Helena
979 1364 1247 1413 pronuntiatis
1289 1370 1421 1402 exstat
1463 1365 1706 1414 amplissima

190 1433 361 1470 Nauckii
392 1433 609 1482 disputatio
652 1433 692 1469 in
723 1432 955 1469 Studiorum
987 1432 1284 1480 Euripidiorum
1315 1432 1514 1468 volumine
1542 1432 1579 1468 II
1609 1432 1703 1468 inde

190 1513 213 1536 a
244 1513 279 1548 p.
315 1502 405 1538 150.
464 1500 523 1537 Ibi
550 1505 768 1549 postquam
795 1499 932 1536 ultima
965 1495 1038 1538 εἴτ’
1064 1490 1347 1548 Ἀλέξανδρον
1380 1519 1429 1525 -
1460 1496 1597 1548 Πάριν
1621 1499 1704 1536 ina-

190 1568 355 1605 nissimo
387 1568 598 1605 verborum
638 1568 781 1604 tinnitu
821 1568 1001 1604 laborare
1038 1572 1076 1603 et
1112 1568 1220 1603 omni
1251 1567 1434 1604 acumine
1466 1579 1602 1604 carere
1634 1568 1706 1604 de-

189 1634 437 1679 monstravit,
473 1640 517 1672 ut
554 1635 649 1671 vitio
689 1635 910 1678 medeatur,
955 1634 1214 1671 audaciorem
1250 1634 1382 1671 hercle
1429 1634 1704 1671 coniecturam

189 1702 247 1740 vir
274 1702 530 1739 doctissimus
561 1702 752 1751 proponit
781 1701 905 1739 hanc:

412 1777 436 1818 ὁ
467 1774 588 1828 τῆσδ’
619 1776 830 1828 ἀπάκτωρ,
864 1776 934 1818 εἴτ’
962 1777 1246 1828 Ἀλέξανδρον
1277 1777 1413 1828 Θέλεις

406 1844 583 1896 ὀνόματι
613 1846 893 1896 προσφωνεῖν
924 1858 988 1886 νιν
1020 1843 1095 1885 εἴτ’
1126 1843 1357 1895 ἀλάστορα.

187 1925 275 1974 Ego
308 1937 401 1962 vero
441 1925 555 1963 aliter
592 1927 645 1962 de
682 1927 757 1963 isto
797 1926 884 1962 loco
928 1926 1075 1962 sentire
1112 1938 1175 1962 me
1216 1925 1409 1974 profiteor
1447 1937 1580 1974 neque
1613 1924 1707 1961 mihi

187 1992 310 2029 videri
342 2004 434 2028 eum
464 1993 572 2028 adeo
604 1993 877 2040 desperatum,
908 1999 951 2028 ut
981 1993 1087 2030 visus
1110 1999 1170 2030 est
1194 1992 1388 2030 Nauckio.
1449 1992 1564 2042 Nam,
1596 2001 1701 2042 quae

185 2059 313 2107 prima
343 2064 385 2095 et
415 2059 551 2096 ultima
581 2059 680 2096 ratio
711 2065 782 2104 est,
814 2056 837 2098 ὁ
870 2056 990 2106 τῆσδ’
1022 2060 1215 2108 intellego
1253 2052 1378 2096 ‘filius
1410 2050 1597 2096 huiusce'
1628 2061 1703 2097 sci-

185 2126 279 2163 licet
298 2126 493 2163 Hecubae
515 2126 726 2173 adstantis,
760 2138 881 2174 quam
912 2127 1039 2174 digito
1061 2126 1220 2162 Helena
1250 2131 1466 2164 monstrat:
1501 2132 1585 2164 tum
1608 2132 1702 2164 ante

186 2189 385 2242 ἀλάστωρ
415 2193 745 2242 interpunctionis
775 2194 932 2241 signum
961 2205 1157 2242 ponamus
1187 2205 1359 2231 necesse
1389 2199 1476 2233 est:

319 2351 332 2375 1
357 2353 556 2386 Paullulum
583 2354 648 2386 alia
676 2364 731 2385 res
759 2358 812 2385 est
836 2354 920 2387 Hel.
949 2352 1039 2386 1168
1070 2353 1325 2394 Θεοκλύμενος
1350 2357 1436 2394 παῖς
1461 2353 1524 2388 ὅδε
1551 2363 1705 2397 προσεν-

187 2412 301 2456 νέπω,
327 2413 381 2446 El.
408 2412 509 2452 1240,
536 2413 613 2456 Iph.
632 2415 672 2446 T.
702 2412 804 2455 1436,
831 2413 891 2447 Or.
915 2412 1014 2455 1626,
1041 2413 1176 2446 Phoen.
1200 2412 1298 2446 1758.
1349 2414 1437 2445 Tum
1462 2418 1543 2445 nota
1568 2414 1704 2447 univer-

188 2482 263 2503 sum
289 2472 366 2514 hoc⁷
394 2472 435 2504 de
461 2483 530 2515 quo
557 2472 624 2515 egi,
655 2472 792 2503 dicendi
817 2482 927 2512 genus
955 2472 998 2503 ab
1017 2472 1185 2514 Euripide
1207 2471 1424 2513 potissimum
1443 2473 1478 2504 in
1497 2473 1702 2515 antiquiori-

187 2531 253 2562 bus
280 2530 407 2562 fabulis
432 2531 596 2573 usurpari.
649 2530 799 2562 Videtur
836 2530 926 2562 enim
954 2531 1111 2562 versibus
1142 2530 1358 2572 complendis
1394 2530 1495 2562 fuisse
1528 2531 1702 2563 idoneum.

188 2589 274 2621 Inde
301 2594 400 2621 aucta
423 2589 605 2632 paullatim
632 2589 789 2621 sollertia
813 2590 962 2629 tragicus
989 2588 1087 2620 illum
1113 2600 1211 2620 usum
1238 2590 1366 2621 vitavit.

319 2646 334 2669 2
358 2650 414 2680 Ne
440 2649 517 2691 quis
545 2647 626 2692 δίκῃ
654 2648 820 2688 languere
846 2648 1015 2690 opinetur,
1049 2648 1241 2690 praeiverat
1268 2648 1410 2680 Orestes
1440 2649 1551 2680 verbis
1578 2648 1702 2680 demis-

191 2707 363 2739 sioribus:
514 2693 515 2696 Ἰ

468 2764 574 2807 νίκην
601 2765 663 2805 δὸς
688 2766 786 2806 ἡμῖν,
813 2764 857 2798 εἰ
886 2764 1003 2798 δίκα
1019 2764 1046 2798 ι’
1074 2764 1286 2807 αἰτούμεθα,

189 2833 276 2865 quae
303 2823 478 2855 confestim
504 2824 655 2862 Electra,
685 2828 803 2866 utpote
831 2824 926 2855 cuius
951 2823 1063 2855 acrius
1091 2824 1136 2855 sit
1159 2824 1343 2864 ingenium,
1372 2825 1515 2867 excipit:

471 2881 535 2923 δὸς
561 2883 656 2925 δῆτα
682 2882 822 2925 πατρὸς
847 2883 971 2916 τοῖσδε
998 2886 1172 2925 τιμωροῖς
1198 2881 1329 2926 δίκῃ.
