2006 3327
512 623 933 674 SENTENTIAE
970 622 1505 675 CONTROVERSAE

255 821 293 869 1)
335 821 510 857 Platonis
541 819 712 857 Theaet.
749 820 825 856 183
845 817 876 854 C
908 818 1166 855 scribendum
1197 828 1276 855 est:

449 883 567 925 οὔπω
599 884 906 933 συγχωροῦμεν
938 882 1051 936 αὐτῷ
1084 880 1206 922 πάντ’
1240 881 1376 932 ἄνδρα
1405 881 1575 924 πάντων

448 950 672 1002 χρημάτων
704 950 857 1000 μέτρον
889 948 1008 1001 εἶναι,
1040 948 1098 989 ἂν
1129 949 1181 998 μὴ
1215 948 1425 1000 φρόνιμός
1455 963 1517 999 τις
1545 950 1582 1002 ᾖ.

450 1019 502 1059 ἂν
534 1018 586 1067 μὴ
620 1021 656 1058 ll.

250 1088 291 1127 ἦ)
333 1089 378 1125 In
417 1087 611 1136 principio
650 1086 784 1122 iudicii
822 1087 874 1121 de
913 1085 1155 1134 Thucydide
1197 1099 1219 1122 a
1258 1086 1454 1134 Dionysio
1493 1086 1683 1123 Halicarn

335 1156 551 1203 conscripti
583 1154 865 1201 corrigendum
896 1159 975 1189 est:
1021 1150 1128 1191 ἀλλὰ
1160 1153 1244 1191 τῶν
1277 1150 1431 1202 ἄλλων,
1464 1151 1587 1201 ὅσοις
1616 1152 1694 1193 ΠΟ

331 1220 398 1261 ΤΟ
431 1220 557 1260 (πολὺ
588 1219 654 1267 τὸ)
686 1217 898 1268 φιλαίτιον
934 1217 1074 1258 ἔνεστι
1103 1219 1186 1258 κτλ.
1248 1220 1374 1256 Libri:
1421 1216 1489 1257 ΤΟ
1523 1217 1667 1258 ΑΥΤΟ

332 1287 505 1328 λαίτιον.
542 1285 648 1326 αὐτὸ
679 1285 727 1325 τὸ
757 1284 969 1334 φιλαίτιον
1001 1287 1192 1334 Krueger.

249 1354 290 1404 3)
333 1356 473 1392 Dionis
506 1354 708 1402 Chrysost.
739 1360 839 1392 orat.
873 1355 921 1391 59
953 1352 1016 1399 §2
1050 1367 1110 1395 „⁷ss
1145 1351 1168 1392 ὁ
1199 1351 1267 1399 γὰ
1287 1364 1309 1400 ρ
1350 1351 1410 1399 δὴ
1450 1349 1687 1400 μαντικώτα

330 1421 510 1471 Φρυγῶν
549 1423 748 1470 integrum
792 1421 957 1457 trimetri
994 1420 1200 1468 Euripidei
1240 1419 1449 1455 frustulum
1489 1426 1568 1467 est3
1614 1419 1698 1454 ibid

331 1491 348 1534 ,ξ
376 1492 423 1526 10
456 1489 555 1525 latet
584 1488 781 1525 trimeter:

444 1553 511 1593 καὶ
541 1552 700 1602 πάντες
732 1551 1007 1592 ἀπολώλασιν
1035 1551 1156 1601 ὅστις
1187 1552 1240 1600 μὴ
1273 1552 1425 1601 φυγεῖν

446 1619 678 1669 [ἐδύνατο]

244 1689 289 1736 4)
330 1689 497 1726 Luciani
526 1687 764 1725 Hermotim.
797 1687 872 1725 831
907 1687 1089 1723 senarius
1121 1694 1182 1722 est

442 1754 492 1795 τὸ
523 1755 609 1794 τῶν
640 1754 874 1805 τραγῳδῶν
905 1754 1048 1801 τοῦτο,
1081 1751 1180 1801 Θεὸς
1213 1750 1258 1791 ἐκ
1290 1752 1478 1800 μηχανῆς

329 1825 501 1861 fortasse
534 1834 581 1858 ex
615 1827 740 1870 poeta
771 1822 926 1858 comico
958 1827 1155 1869 sumptuS.

244 1892 284 1941 5)
329 1890 520 1927 Varronis
551 1890 632 1927 Sat.
662 1888 842 1936 Menipp.
875 1888 917 1926 fr.
941 1889 1020 1925 384
1053 1887 1287 1925 Buecheler.
1320 1899 1456 1923 verum
1489 1892 1565 1924 est:
1603 1891 1697 1922 nast

326 1959 429 1995 cium
459 1969 486 1993 n
505 1968 571 1992 on
603 1956 715 1992 vides
747 1962 824 1991 etc.

244 2023 283 2074 6)
327 2023 471 2061 Catulli
501 2022 557 2058 Vl
582 2024 603 2059 6
662 2021 767 2058 Nam
797 2028 837 2058 te
867 2033 949 2058 non
980 2021 1121 2057 viduas
1153 2021 1284 2058 iacere
1313 2026 1456 2057 noctes

663 2089 920 2138 Nequiquam
949 2090 1115 2126 tacitum
1147 2089 1279 2126 cubile
1311 2089 1469 2136 eiamat,

322 2151 588 2206 ‘nequiquam
619 2146 808 2194 ‘taciturn'
837 2157 892 2192 ad
919 2147 1000 2193 ‘te'
1030 2155 1193 2194 referas.

242 2221 282 2276 7)
322 2227 481 2262 Aetnae
512 2237 572 2262 vv.
603 2225 682 2262 582
706 2236 764 2272 sq.
797 2224 949 2262 scribo:

439 2292 557 2328 Nunc
587 2291 650 2327 hic
681 2291 900 2339 Cecropiae
928 2290 1045 2326 variis
1077 2296 1312 2337 spectantur
1344 2288 1530 2324 Athenae

443 2359 691 2396 Carminibus
720 2359 986 2405 gaudentque
1016 2357 1111 2393 coli
1141 2352 1233 2405 (soii
1263 2354 1312 2403 C)
1345 2355 1503 2391 victrice
1533 2354 1688 2390 Minerv

241 2423 281 2475 ὃ)
324 2426 503 2463 Senecae
540 2426 592 2461 de
627 2424 832 2461 beneficiis
863 2424 898 2460 ΙΙ
932 2426 1031 2472 1,2;
1077 2423 1188 2459 multi
1228 2428 1362 2458 autem
1403 2428 1494 2457 sunt
1526 2432 1628 2468 quos
1660 2420 1685 2456 li

325 2494 426 2529 rales
459 2492 553 2529 facit
583 2491 750 2528 fortes
781 2491 1005 2527 infirmitas:
1040 2490 1193 2536 corrige
1221 2485 1322 2524 ‘fors
1354 2495 1394 2524 et
1426 2486 1659 2525 infirmitas'.
