2006 3327
903 159 946 196 31

170 279 333 318 modum
364 278 535 329 probata
567 279 806 327 quibusdam
838 279 1000 315 medela
1031 278 1205 326 offertur,
1238 282 1279 314 ut
1312 288 1447 314 versus
1479 282 1586 313 totus
1617 289 1680 313 ex-

172 349 374 398 stirpetur,
415 359 518 395 eam,
557 347 648 395 quia
681 343 785 385 ἄναξ
818 346 1073 394 compellatio
1106 347 1248 382 abesse
1279 345 1431 393 nequit,
1478 355 1683 380 commen-

121 411 124 413 *
170 416 268 453 dare
303 415 438 456 nolim,
487 426 626 450 vereor
665 419 799 449 autem
836 426 885 449 ne
917 413 1037 449 nimia
1069 413 1252 448 videatur
1282 412 1442 448 molitus
1475 423 1564 447 esse
1597 411 1678 447 Ew.

170 483 366 519 Bruhnius
386 478 412 526 1,
458 481 561 523 licet,
610 492 713 528 quae
759 481 979 529 proposuit,
1025 480 1225 527 sagaciter
1270 480 1498 526 excogitata
1541 478 1680 514 mirum

169 555 361 598 quantum
398 548 583 584 sensibus
616 547 886 584 blandiantur.
954 547 989 582 Is
1022 547 1127 583 enim
1159 558 1279 583 unum
1309 545 1542 582 versiculum
1575 545 1680 580 exci-

169 617 278 653 disse
309 621 430 658 tatus,
461 614 611 661 reliqua
642 614 748 651 huuc
779 615 817 650 iu
848 615 1015 650 modum
1046 614 1221 649 retinxit:

365 690 491 732 &vaz-
523 692 649 741 θεοὺς
681 691 760 741 γὰρ
789 689 938 741 δήποθ’
972 690 1048 740 οὓς
1080 691 1221 730 καλεῖν
1249 690 1384 739 χρεὼν

364 758 480 810 <ἡγεῑ
508 758 666 808 μόνους
700 758 904 807 εὐχαῖσιν,
936 756 1027 806 ἅλις
1059 755 1332 808 έγουνάσωὸ·

365 824 429 875 ἆρ’
463 824 514 865 ἄν
543 825 579 866 τί
611 838 689 875 μου
722 825 861 865 δέξαιο
895 823 1211 874 βουλεύσαντος
1244 823 1308 870 εὗς

167 905 287 942 Hunc
317 905 436 953 igitur
469 906 597 942 locum
629 906 724 941 dum
755 905 792 940 in
825 905 960 941 medio
994 904 1190 952 relinquo,
1219 905 1272 940 ad
1294 904 1400 939 Ionis
1425 915 1578 939 versum
1603 904 1680 940 755

168 985 306 1022 pergo,
339 973 406 1009 ubi
425 973 590 1020 Creusa,
621 985 716 1009 num
748 972 814 1008 dei
847 978 976 1008 sortes
1005 972 1108 1008 male
1140 972 1369 1022 ceciderint,
1401 984 1422 1008 a
1453 971 1574 1007 choro
1606 971 1682 1006 sol-

167 1041 275 1077 licita
306 1041 546 1078 sciscitatur:

365 1105 455 1146 ἀλλ’
486 1104 510 1155 ἦ
543 1119 578 1144 τι
611 1105 865 1156 θεσφάτοισι
897 1109 1118 1146 δεσποτῶν
1150 1107 1286 1153 νοσῶ;

168 1176 317 1224 Tenes,
349 1176 503 1224 opinor,
536 1175 823 1213 difficultatem.
895 1176 1012 1221 Quae
1043 1175 1326 1223 multiplicatur
1356 1186 1405 1210 eo
1437 1175 1548 1222 quod
1579 1175 1681 1210 duo-

168 1243 240 1279 bus
270 1243 454 1279 trimetris
488 1247 580 1278 ante
610 1243 756 1278 eadem
793 1243 933 1278 mulier
971 1243 1022 1278 de
1059 1255 1103 1278 se
1141 1242 1462 1290 praedicaverat:
1511 1238 1587 1279 οὐκ
1620 1238 1680 1289 εἰς

168 1305 375 1357 ἀπίστους
409 1305 624 1355 δεσπότας
657 1308 796 1357 βαλεῖς
829 1305 974 1356 χαράν.
1036 1308 1141 1344 Hinc
1174 1309 1279 1344 enim
1310 1308 1480 1345 efficitur
1508 1315 1563 1351 ut,
1593 1320 1681 1344 cum

170 1377 222 1413 de
252 1377 439 1424 Apolline
470 1377 549 1412 (leo
583 1375 747 1423 cogitari
779 1376 943 1412 omnino
980 1388 1072 1412 usus
1113 1376 1308 1412 sermonis
1346 1388 1427 1412 non
1465 1376 1584 1417 sinat,
1629 1388 1680 1411 ne

168 1443 348 1480 Xuthum
379 1444 543 1491 quidem
578 1444 762 1480 maritum
794 1444 936 1492 respici
973 1444 1089 1480 liceat
1128 1456 1293 1491 ponere,
1341 1443 1453 1491 quasi
1484 1440 1679 1491 Θέσφατα

167 1510 392 1549 δεσποτῶν
425 1511 586 1547 oracula
617 1511 695 1547 sint
727 1511 778 1547 illi
812 1512 921 1549 data.
982 1510 1106 1556 Quod
1138 1522 1227 1547 cum
1258 1516 1375 1547 acute
1397 1510 1678 1558 perspexisset,

168 1576 217 1616 G,
246 1576 500 1613 Hermannus
533 1589 699 1621 versum,
743 1578 794 1613 de
834 1590 913 1626 quo
951 1578 1093 1625 agitur,
1140 1578 1381 1625 paedagogo
1423 1577 1679 1613 tribuendum

167 1656 255 1680 esse
287 1645 456 1694 censuit,
486 1645 552 1693 qui
585 1652 719 1682 tamen
752 1646 848 1694 quid
878 1646 950 1682 sibi
983 1646 1074 1681 velit
1104 1646 1143 1681 in
1174 1646 1350 1683 medium
1373 1643 1549 1681 Creusae
1581 1643 1677 1679 cho-

166 1710 277 1759 rique
320 1712 541 1748 diverbium
584 1713 635 1748 de
677 1712 891 1762 improviso
930 1713 1075 1749 inlatus
1115 1713 1170 1749 ita
1213 1724 1294 1748 nou
1336 1711 1588 1761 intellegitur,
1634 1717 1677 1748 ut

168 1790 287 1814 nemo
318 1785 411 1827 post
445 1779 513 1815 viri
545 1780 747 1816 clarissimi
779 1781 1020 1817 sententiam
1053 1780 1294 1828 probaverit.
1355 1778 1472 1825 Quae
1504 1791 1593 1815 cum
1624 1778 1678 1814 ita

169 1846 260 1887 sint,
292 1846 331 1881 in
362 1846 490 1882 verbis
523 1847 618 1894 ipsis
649 1847 799 1895 aliquid
831 1848 1134 1884 emendandum
1162 1859 1254 1883 esse
1286 1845 1379 1882 mihi
1410 1846 1606 1894 persuasi:

301 1909 393 1951 ἀλλ’
426 1910 449 1961 ἦ
482 1925 518 1951 τι
549 1912 802 1961 θεσφάτοισι
828 1914 1054 1952 δεσποτῶν
1076 1913 1210 1952 νοσεῖ.
1245 1914 1267 1951 i.
1292 1926 1325 1950 e.
1355 1909 1446 1950 ἀλλ’
1484 1910 1507 1960 ἦ
1538 1923 1574 1950 τι
1596 1910 1683 1950 τῶν

169 1980 393 2019 δεσποτῶν
410 1979 665 2029 θεσφάτοισι
686 1981 830 2028 νοσεῖς
862 1982 936 2025 vel,
967 1988 1011 2018 ut
1032 1982 1160 2017 omnis
1190 1981 1413 2017 obscuritas
1444 1985 1682 2017 evanescat:

433 2044 524 2086 ἀλλ’
557 2044 580 2095 ἦ
613 2060 649 2086 τι
680 2046 933 2087 δεσπόταισι
965 2046 1194 2097 θεσφάτων
1225 2047 1364 2094 νοσεῖς

171 2114 286 2151 Haec
322 2115 440 2163 igitur
468 2127 589 2163 quam
628 2125 739 2152 recte
771 2117 1001 2152 coniectata
1032 2117 1121 2163 sint,
1166 2116 1255 2151 viris
1297 2115 1429 2151 doctis
1464 2114 1683 2153 iudicanda

167 2183 370 2231 relinquo;
401 2182 554 2219 interim
587 2183 639 2219 de
673 2183 771 2220 alius
804 2184 1043 2220 substantivi
1077 2195 1147 2219 usu
1171 2182 1361 2230 singulari
1383 2194 1509 2231 pauca
1530 2183 1681 2219 adnec-

169 2256 255 2285 tere
285 2250 429 2297 placet.
493 2249 655 2286 Etenim
687 2249 852 2299 μήτρως
885 2263 972 2287 curn
1003 2252 1235 2299 plerumque
1265 2250 1503 2286 avunculum
1534 2250 1680 2298 signifi-

170 2322 250 2358 cet,
280 2317 448 2353 notione
481 2317 727 2365 aliquantum
760 2318 917 2355 deflexa
949 2319 997 2355 ab
1020 2318 1212 2367 Euripide
1245 2318 1465 2354 admissum
1497 2329 1587 2353 esse
1619 2330 1679 2354 ar-

169 2383 250 2431 guit
284 2383 393 2420 locus
425 2396 446 2420 e
477 2385 646 2432 prologo
679 2385 862 2422 Herculis
891 2387 1040 2435 petitus
1073 2399 1105 2424 v.
1137 2386 1186 2423 39
1219 2397 1277 2434 sq.

365 2459 467 2510 τοὺς
496 2455 773 2512 Ἡρακλείους
805 2464 961 2513 παῖδας
992 2463 1146 2504 ἐξελεῖν
1178 2462 1300 2507 θέλει,

366 2527 531 2568 κτανὼν
561 2527 751 2579 δάμαρτά
782 2531 830 2578 θ’,
857 2530 915 2579 ως
947 2529 1069 2583 φόνῳ
1102 2530 1237 2582 σβέσῃ
1271 2528 1421 2579 φόνον,

365 2592 472 2645 κᾶμ’,
509 2594 546 2635 εἴ
576 2609 612 2635 τι
644 2596 693 2645 δὴ
725 2596 801 2646 χρὴ
835 2595 927 2646 κᾶμ’
962 2597 1007 2637 ἐν
1038 2596 1243 2647 ἀνδράσιν
1276 2596 1425 2644 λέγειν,

366 2661 530 2711 γέροντ’
563 2662 747 2714 ἀχρεῖον,
779 2663 832 2713 μή
864 2663 957 2703 ποθ’
992 2663 1069 2704 οἵδ’
1098 2663 1361 2714 ἠνδρωμένοι

368 2728 580 2779 μήτρωσιν
611 2730 874 2781 ἐκπράξωσιν
905 2730 1082 2781 αἵματος
1114 2731 1243 2781 δίκην.

301 2906 314 2930 1
338 2909 537 2941 Lucubratt.
562 2911 716 2951 Euripid.
743 2921 775 2952 p.
796 2909 874 2944 216.
