2006 3327
997 234 1041 268 26

374 352 520 389 Bacch.
556 353 632 389 439
664 351 802 397 γελῶν
834 350 880 389 δὲ
913 349 980 388 καὶ
1010 351 1096 389 δεῖν
1127 348 1327 397 κάπάγειν
1358 349 1512 398 ἐφίετο.

411 419 493 457 Ion.
529 420 632 456 1513
665 416 729 454 καὶ
759 418 1019 464 δυστυχῆσαι
1051 415 1194 465 καῦθις
1227 416 1278 455 αὐ
1309 419 1460 465 πρᾶξαι
1492 417 1643 465 καλῶς.

454 486 520 523 Or.
553 486 630 522 525
663 482 685 522 ὃ
719 481 812 521 καὶ1
844 484 922 529 γῆν
957 481 1023 520 καὶ
1052 481 1195 531 πόλεις
1227 481 1372 522 ὄλλυσ’
1407 481 1483 522 ἀεί.

374 552 521 589 Phoen.
555 553 630 588 495
663 548 771 588 ἀλλὰ
802 548 867 588 καὶ
899 550 1057 598 σοφοῖς
1093 546 1097 599 Ι
1127 548 1193 588 καὶ
1223 550 1331 588 τοῖσι
1363 548 1545 598 φαύλοις
1578 546 1701 596 ἔνδιχ’

480 618 523 655 fr.
556 619 631 655 729
665 614 775 664 εἰκὸς
808 615 852 654 δὲ
884 615 1007 654 παντὶ
1038 614 1103 654 καὶ
1135 614 1248 666 λόγῳ
1281 615 1346 654 καὶ
1377 618 1540 667 μηχανῇ

436 685 477 723 sr.
511 685 633 733 10483
665 682 731 721 καὶ
761 683 835 721 τοῦ
867 681 1027 721 δικαίου
1058 680 1124 720 καὶ
1156 680 1294 721 τόκων
1325 683 1407 721 τῶν
1439 684 1528 721 σῶν
1560 680 1680 730 χάριν

364 752 517 788 Hecab.
552 753 625 788 751
660 750 819 797 τολμᾶν
853 747 1023 797 ἀνάγκη,
1055 748 1131 788 κᾶν
1164 747 1272 796 τύχω
1303 747 1379 788 κᾶν
1410 748 1461 796 μὴ
1493 747 1604 797 τύχω

301 819 382 866 Iph.
408 819 494 857 Aul.
530 819 626 855 1271
864 838 911 842 -—
944 814 1019 854 κᾶν
1051 815 1158 854 Θέλω
1191 814 1267 854 κᾶν
1300 814 1351 863 μὴ
1384 814 1493 854 θέλω

373 885 520 922 Troad.
554 886 631 922 647
862 905 911 909 —-
945 882 1020 923 κᾶν
1053 885 1191 934 προσῇ
1226 881 1302 922 κᾶν
1334 882 1386 930 μὴ
1418 884 1559 933 προσῇ

373 953 523 989 Troad.
557 953 633 990 915
798 949 874 989 κᾶν
906 948 950 989 εὖ
983 948 1059 988 κᾶν
1091 950 1229 997 κακῶς
1260 947 1368 988 δόξω
1401 947 1549 995 λέγειν.

436 1020 520 1058 Ale.
555 1021 632 1057 329
665 1016 731 1056 καὶ
763 1019 906 1057 Ζῶσαν
938 1015 1050 1065 εἶχον
1082 1015 1148 1055 καὶ
1180 1012 1354 1055 θανοῡσ’
1387 1014 1462 1063 ε’μὴ
1494 1014 1598 1063 γυνὴ
1632 1013 1636 1065 l
1673 1014 1778 1064 μόνη

1457 1082 1651 1130 κεκλήσει

394 1153 549 1190 Hercul.
582 1154 627 1190 91
665 1150 731 1190 καὶ
760 1154 866 1203 τῶδε
899 1149 1030 1200 χαίρω
1062 1150 1127 1189 καὶ
1157 1151 1268 1199 φιλῶ
1300 1149 1378 1199 τὰς
1410 1149 1582 1198 ἐλπίδας

388 1220 549 1267 Hippol.
582 1222 632 1258 85
665 1218 734 1258 σοὶ
768 1218 834 1258 καὶ
864 1217 1018 1267 Ξύνειμι
1052 1217 1118 1256 καὶ
1148 1216 1293 1266 λόγοις
1326 1214 1364 1255 σ’
1397 1215 1630 1266 ἀμείβομαι.

334 1287 417 1335 Iph.
448 1287 495 1325 T.
532 1288 634 1325 1009
669 1285 735 1325 καὶ
763 1287 836 1334 ζῆν
867 1282 1021 1333 θέλοιμ’
1056 1283 1106 1323 ἂν
1138 1284 1204 1324 καὶ
1233 1284 1374 1324 θανὼν
1406 1284 1551 1332 λαχεῖν
1582 1282 1680 1323 ἴσον

413 1354 522 1391 Med.
559 1355 634 1392 777
666 1355 724 1402 ῶς
759 1353 824 1392 καὶ
854 1354 969 1392 δοκεῖ
998 1365 1066 1402 μοι
1095 1353 1226 1391 ταῦτα
1257 1351 1324 1391 καὶ
1355 1352 1497 1400 καλῶς
1528 1349 1613 1400 ἔχει

481 1421 522 1459 fr.
556 1422 632 1459 362
668 1419 693 1459 ἃ
726 1419 791 1459 καὶ
823 1419 996 1469 μάχοιτο
1029 1419 1096 1459 καὶ
1126 1416 1212 1468 μετ7
1245 1417 1452 1468 ἀνδράσιν
1482 1417 1633 1467 πρέποι

480 1489 522 1525 fr.
556 1490 634 1526 367
668 1486 733 1526 καὶ
763 1489 826 1527 δεῖ
855 1487 936 1536 γὰρ
967 1486 1097 1536 αὐτῆς
1129 1484 1277 1526 κᾶστιν
1309 1484 1360 1525 αὖ
1393 1484 1522 1525 κακὸν
1554 1485 1659 1533 μέγα
1675 1486 1701 1524 2.

442 1556 483 1592 [r.
517 1557 630 1605 90111
664 1553 733 1593 σοὶ
764 1554 800 1594 δ’
832 1553 965 1601 ἔγωγε
989 1553 1055 1593 καὶ
1077 1554 1275 1593 νοσοῦντι
1297 1549 1560 1592 συννοσοῡσ’
1584 1550 1782 1600 ἀνέξομαι

667 1620 733 1660 καὶ
764 1622 903 1660 κακῶν
936 1623 1018 1660 τῶν
1049 1621 1138 1659 σῶν
1169 1618 1363 1660 Ξυνοίσω.

274 1690 319 1726 In
349 1690 595 1738 anapaestis:

436 1757 521 1794 Alc.
555 1759 632 1795 2725
665 1755 710 1796 έν
741 1755 812 1796 σοὶ
843 1755 877 1796 δ’
911 1755 1040 1803 ἐσμὲν
1072 1753 1138 1793 καὶ
1169 1756 1244 1802 Ζῆν
1276 1752 1342 1793 καὶ
1375 1752 1440 1802 μή.

390 1825 496 1862 Med.
531 1826 632 1863 1409
666 1822 766 1863 τάδε
799 1822 864 1862 καὶ
896 1825 1036 1872 θρηνῶ
1068 1820 1305 1862 κάπιθεάῑω

476 1891 519 1929 sr.
553 1893 633 1930 910
667 1890 774 1940 πρὸς
808 1889 937 1939 ταῦτ’,
969 1889 1006 1938 ὅ,
1038 1903 1074 1928 τι
1105 1892 1194 1940 χρῇ,
1226 1888 1292 1929 καὶ
1324 1886 1590 1935 παλαμάσθω

664 1957 730 1997 καὶ
761 1959 845 1997 πᾶν
878 1958 939 1997 ἐπ’
972 1956 1062 2006 ἐμοὶ
1095 1956 1377 1996 τεκταινέσθω

272 2025 315 2061 In
347 2027 534 2064 canticis:

438 2094 519 2130 Alc.
553 2095 631 2131 278
663 2092 745 2139 ἐγὼ
776 2092 842 2132 καὶ
874 2091 941 2132 διὰ
973 2090 1137 2140 μούσας
1171 2090 1175 2140 i
1205 2090 1270 2130 καὶ
1302 2088 1529 2139 μετάρσιος
1559 2088 1637 2140 ῇΞα

330 2161 522 2197 Androm.
556 2163 630 2198 791
666 2159 860 2206 πείθομαι
891 2159 957 2198 καὶ
986 2158 1066 2198 σὺν
1099 2156 1324 2197 Λαπίθαισί
1354 2166 1404 2196 σε
1438 2154 1693 2203 Κενταύροις

665 2225 862 2275 ὁμιλῆσαι
895 2249 946 2252 -ψ
980 2248 1028 2252 —

666 2292 733 2332 καὶ
763 2292 826 2333 ἐπ’
860 2286 1052 2345 Ἀργῴου
1084 2290 1212 2341 δορὸς
1249 2312 1288 2317 -
1326 2289 1558 2339 έκπερᾶσαι

362 2364 496 2411 suppl.
532 2365 633 2401 1079
666 2360 732 2400 καὶ
765 2360 818 2399 σὺ
850 2359 916 2399 καὶ
946 2359 1067 2407 πόλις
1099 2358 1177 2407 ἐμὰ
1207 2357 1375 2405 τλάμων

373 2430 522 2467 Troad.
557 2431 633 2468 175
666 2426 731 2466 καὶ
763 2427 918 2475 ζῶντες
948 2425 1014 2464 καὶ
1046 2425 1276 2473 δμαθέντες

369 2496 519 2533 Phoen.
553 2499 631 2534 266
666 2494 832 2534 κάκεῖσε
865 2493 932 2533 καὶ
963 2493 1010 2532 τὸ
1043 2494 1168 2542 δεῦρο

376 2564 522 2600 Phoen.
556 2565 634 2601 313
667 2561 732 2600 καὶ
764 2560 884 2610 χερσὶ
914 2559 981 2599 καὶ
1012 2559 1176 2607 λόγοισι

508 2629 550 2668 fr.
583 2632 632 2667 79
664 2629 842 2675 γυναῖκα
873 2627 939 2666 καὶ
969 2625 1157 2675 ὠφελίαν

668 2694 732 2734 καὶ
764 2694 898 2734 νόσον
930 2693 1049 2742 ἀνδρὶ
1077 2694 1235 2742 φέρειν.

443 2763 486 2801 fr.
521 2766 634 2812 77539
667 2762 737 2810 εμὲ
770 2761 836 2801 καὶ
864 2761 912 2801 τὸ
944 2760 1104 2800 δίκαιον
1135 2758 1225 2807 ἄγει
1256 2759 1322 2799 καὶ
1354 2758 1473 2809 ἔρως.

276 2831 447 2867 Primum
475 2831 592 2878 igitur
622 2836 787 2878 apparet
810 2829 997 2877 particula
1021 2829 1224 2876 geminata
1253 2829 1488 2876 pierumque
1521 2830 1570 2865 ab
1594 2828 1783 2876 Euripide

409 2973 421 2995 1
448 2975 505 3007 καὶ
531 2974 607 3005 fort.
634 2986 679 3001 Ξ
704 2968 861 3005 ‘etiam¹.
1043 2969 1058 2992 2
1084 2972 1235 3004 dubium.
