2006 3327
991 235 1035 268 28

260 350 344 401 ἔχω
376 364 412 391 τι
443 350 487 391 ἐν
519 353 566 402 τῇ
596 349 713 403 τύχῃ.
772 351 916 399 Itaque
946 350 1027 386 fieri
1058 351 1196 398 nequit
1227 352 1323 400 quin
1353 351 1521 387 alterum
1552 348 1619 389 καί
1649 352 1773 399 alteri,

259 421 370 467 quod
400 420 436 455 iri
470 419 651 467 proximo
684 429 798 453 versu
830 424 904 465 est,
936 418 1184 465 respondere
1206 418 1442 466 iudicemus,
1475 429 1556 466 quo
1582 417 1689 454 sacto
1716 419 1772 454 lo-

259 498 328 522 cus
354 486 416 522 ille
447 491 602 534 pugnat
632 497 722 520 cum
756 484 938 520 omnibus
979 484 1070 527 sere,
1113 495 1212 531 quas
1243 484 1581 534 investigavimus,
1612 485 1774 533 regulis.

263 552 321 589 Ac
352 565 400 589 ne
432 552 609 587 dativum
631 552 680 600 τῇ
703 548 804 601 τύχῃ
829 562 960 586 morer
991 550 1257 587 collocatione
1289 562 1360 588 sua
1381 552 1595 588 immodice
1627 552 1774 588 elatum

259 619 501 667 auribusque
523 618 777 661 inculcatum,
810 617 986 665 inprimis
1014 617 1092 653 hoc
1123 629 1186 653 me
1219 618 1361 662 turbat,
1393 620 1504 667 quod
1535 616 1603 656 καί
1635 618 1684 655 ab
1714 618 1773 665 iis,

261 699 341 734 quo
373 686 547 734 pertinet
577 681 792 736 (πατρῷον
824 680 970 730 οἶκον),
1000 696 1079 719 nou
1112 684 1323 727 vocabulo,
1363 686 1436 721 sed
1467 697 1579 722 versu
1614 697 1773 734 separa-

259 759 341 797 tur3
374 763 476 801 quae
508 751 682 800 licentia,
710 750 900 799 Sophocli
931 750 1102 787 fortasse
1124 751 1390 797 ignoscenda,
1422 752 1462 787 in
1484 752 1686 800 Euripidis
1709 752 1774 787 tri-

258 820 394 856 metris
432 818 599 854 ferenda
637 830 718 854 non
747 824 809 854 est
826 815 852 854 1.
913 817 1046 864 Quam
1089 818 1139 854 ob
1176 829 1258 853 rem
1303 818 1403 855 iusta
1444 817 1561 855 fuerit
1602 819 1773 868 suspicio

260 886 350 922 olim
380 886 418 921 in
450 885 691 921 membranis
724 885 946 922 exstitisse:

518 950 562 991 ἐν
595 950 699 1000 χειρὶ
729 953 778 1001 τῇ
810 953 865 1002 σῇ
898 949 1018 990 πάντ’
1051 950 1160 1000 ἔχεις
1191 953 1335 1002 καινῇ
1368 950 1472 1004 τύχῃ

520 1022 717 1071 πατρῷον
748 1016 865 1058 οἶκον
897 1017 963 1058 καὶ
993 1016 1116 1058 πόλιν
1148 1019 1290 1068 λαβεῖν
1318 1017 1459 1058 σέθεν.

259 1088 363 1124 Nam
397 1085 542 1135 καινός
573 1087 773 1123 interdum
805 1087 926 1123 etiam
957 1083 1282 1136 ,inexspectatus‘
1315 1086 1523 1134 significat.

892 1203 1027 1253 suppL
1062 1205 1139 1242 248

522 1281 680 1332 χαίρων
710 1280 786 1321 ἴθ’·
820 1279 854 1321 εἰ
887 1281 965 1331 γὰρ
998 1282 1049 1330 μὴ
1084 1279 1361 1331 βεβούλευσαι
1393 1281 1548 1330 καλῶς,

524 1347 653 1398 αὐτὸς
683 1349 837 1390 πιέζειν
867 1348 944 1398 τὴν
975 1348 1105 1398 τύχην
1136 1347 1246 1398 ἡμᾶς
1275 1346 1379 1387 λίαν.

261 1427 527 1467 posteaquam
557 1417 592 1456 δ’
625 1415 699 1456 ἐᾶν
742 1418 781 1453 in
823 1414 916 1456 λίαν
955 1417 1190 1453 delitescere
1222 1416 1426 1453 Nauckius
1459 1414 1660 1464 sagaciter
1690 1426 1780 1462 per-

263 1487 405 1535 spexit,
439 1497 557 1521 unum
596 1491 814 1533 supererat,
861 1491 903 1519 ut
933 1496 1005 1532 pro
1035 1481 1189 1522 πιέζειν
1219 1483 1380 1531 aliquid,
1412 1483 1522 1530 quod
1553 1481 1778 1518 sententiae

262 1554 389 1602 magis
418 1553 608 1589 idoneum
639 1558 758 1596 esset,
799 1552 1063 1600 reperiretur3
1103 1562 1181 1598 quo
1222 1551 1261 1586 in
1299 1550 1432 1586 studio
1471 1549 1545 1586 etsi
1577 1556 1640 1585 sat
1669 1549 1778 1585 multi

262 1622 338 1658 iam
362 1621 625 1663 desudarunt,
648 1619 837 1668 equidem
856 1619 993 1655 nescio
1017 1619 1112 1666 quid
1142 1624 1180 1654 et
1210 1617 1370 1666 propria
1391 1629 1462 1653 sua
1484 1616 1775 1664 significatione

263 1688 393 1736 aptius
424 1694 465 1723 et
495 1694 658 1736 propter
695 1687 991 1723 similitudinem
1029 1686 1247 1734 scripturae
1286 1684 1529 1733 probabilius
1566 1684 1616 1720 sit
1656 1694 1777 1731 quam

261 1755 372 1802 quod
393 1755 655 1792 commendo:
686 1750 878 1802 τριάίειν,
910 1754 959 1790 de
992 1764 1071 1801 quo
1101 1753 1225 1789 adeas
1243 1751 1415 1800 Etymol.
1433 1750 1569 1798 Magn.
1592 1751 1682 1797 765,
1704 1751 1775 1786 137:

262 1819 479 1870 τριάσσειν
508 1819 556 1859 τὸ
587 1820 757 1859 νικᾶν·
802 1817 883 1858 ἀπὸ
923 1819 1170 1868 μεταφορᾶς
1204 1819 1289 1856 τῶν
1324 1816 1570 1856 παλαιστῶν
1612 1814 1657 1855 ἐν
1687 1815 1779 1864 ταῖς

262 1887 370 1938 τρισὶ
398 1886 551 1937 πάλαις
574 1886 650 1936 τὴν
671 1886 788 1936 νίκην
811 1885 1116 1936 καρπουμένων
1136 1896 1144 1902 ·
1180 1884 1247 1925 καὶ
1269 1882 1493 1934 ἀτρίακτος
1525 1883 1590 1932 (cf.
1613 1881 1778 1932 ἀτρίακ-

263 1968 337 2005 τος
369 1953 464 1994 ἄτα
495 1956 679 2005 Aeschyl.
711 1955 892 2003 Choeph.
927 1954 1023 2003 3:30)
1066 1951 1089 1992 ὁ
1131 1950 1353 2001 ἀήττητος.
1413 1952 1571 1998 Quodsi
1612 1952 1776 1988 Graecis

262 2023 471 2072 poetisque
510 2030 551 2059 et
586 2023 778 2071 prosaicis
817 2022 902 2059 sine
940 2022 1096 2058 offensa
1133 2018 1326 2058 παλαίειν
1356 2017 1473 2070 τύχῃ,
1511 2014 1643 2067 ἄταις,
1675 2025 1778 2065 συμ-

262 2090 418 2139 φοραῖς
451 2097 517 2128 ctt.
551 2091 686 2126 dicere
720 2090 840 2135 licuit,
873 2089 1010 2137 quidni
1042 2089 1187 2124 eodem
1216 2088 1298 2124 iure
1322 2083 1501 2134 τριάζειν
1522 2083 1598 2132 τὴν
1621 2082 1779 2133 τύχηνὲ

262 2157 448 2193 Indidem
470 2157 738 2206 Aeschyleum
761 2152 985 2204 ἀτρίακτος
1017 2152 1097 2193 ἄτα
1120 2154 1306 2202 explicari
1327 2166 1411 2189 non
1431 2149 1570 2188 vides?
1629 2151 1778 2188 Veram

264 2229 396 2259 autem
427 2223 697 2260 elocutionem
727 2223 849 2259 fuisse
880 2219 1071 2270 τριὰζειν,
1104 2233 1185 2257 non
1208 2217 1426 2268 τριάσσειν
1448 2219 1673 2267 composita
1703 2219 1779 2255 do-

265 2297 374 2327 cent:
416 2286 784 2338 πεντετριάζεσθαῑ
816 2289 949 2326 Lucill.
982 2289 1115 2336 Epigr.
1148 2288 1308 2324 Anthol.
1342 2287 1420 2324 Pal.
1453 2286 1489 2321 Π
1522 2287 1572 2322 84
1604 2292 1645 2322 et
1675 2282 1779 2324 ἀπο-

264 2354 503 2404 τριὰζεσθαι
534 2357 663 2394 Schol.
696 2356 880 2403 Aeschyl.
919 2355 1100 2403 Choeph.
1134 2356 1211 2393 330
1233 2352 1260 2392 2.
1330 2353 1413 2390 Nisi
1443 2354 1578 2401 potius
1609 2359 1779 2401 utraque

266 2423 392 2461 forma
423 2425 462 2460 in
493 2437 565 2461 usu
596 2424 680 2471 fuit,
717 2431 758 2460 ut
783 2423 929 2459 Graeci
950 2422 1175 2471 promiscue
1199 2418 1365 2460 Θοάζειν
1397 2428 1437 2457 et
1459 2417 1677 2469 Θοάσσειν,
1709 2420 1779 2458 λα-

265 2490 407 2531 πάζειν
429 2498 470 2528 et
502 2488 752 2536 λαπάσσειν,
784 2487 1007 2528 σταλάζειν
1040 2496 1079 2525 et
1111 2486 1375 2527 σταλάσσειν
1413 2489 1460 2526 al.
1492 2487 1779 2536 pronuntiave-

266 2566 368 2597 runt.
426 2559 508 2595 Iam
540 2559 648 2606 quod
679 2557 898 2606 imperativi
930 2557 1014 2592 vice
1047 2556 1258 2592 infinitivus
1290 2556 1476 2603 fungitur,
1516 2555 1779 2604 comparandi

267 2634 357 2663 sunt
389 2639 421 2665 v.
451 2626 608 2664 Herael.
634 2626 711 2663 314
774 2621 842 2662 καὶ
874 2621 1021 2671 μήποτ’
1049 2619 1109 2671 εἰς
1139 2622 1218 2670 γῆν
1248 2620 1400 2670 ἐχθρὸν
1432 2619 1625 2670 αἴρεσθαι
1656 2619 1776 2670 δόρυ,

519 2692 603 2730 Ion.
639 2693 711 2729 101
786 2687 924 2739 στόμα
955 2688 989 2728 τ’
1021 2687 1213 2739 εὔφημον
1242 2685 1457 2738 φρουρεῑτ’
1490 2685 1662 2736 ἀγαθόν,

788 2756 934 2806 φήμας
964 2757 999 2795 τ’
1031 2754 1194 2804 ἀγαθὰς
1228 2777 1277 2782 -

790 2822 994 2873 γλώσσης
1026 2822 1133 2872 ἰδίας
1165 2821 1250 2862 ἄπο
1281 2821 1462 2873 φαίνειν.

399 2913 411 2936 ¹
437 2916 585 2946 Ultimus
613 2915 655 2944 ile
683 2914 744 2944 hac
771 2923 805 2943 re
833 2912 966 2953 scripsit
994 2911 1269 2942 Wilamovirzius
1296 2911 1437 2943 Hercul.
1465 2912 1494 2941 I]
1525 2910 1655 2951 1110st

397 2971 412 2995 2
438 2974 477 3006 cs.
507 2972 701 3004 Wecklein.
729 2972 769 3002 ml
800 2970 961 3011 Aeschyl.
989 2972 1113 3009 Agam.
1144 2968 1222 3003 181.
