2006 3327
969 184 1012 220 15

224 305 271 357 ἐς
300 308 398 355 γῆν;
430 307 543 355 quod
573 305 801 353 exemplum
843 303 991 340 rectius
1021 302 1219 339 abicerem
1239 298 1266 352 1,
1306 301 1482 349 denique
1527 302 1749 351 Aeschylus

225 381 286 413 ter
311 388 335 413 a
355 371 408 413 τά
429 372 748 411 demonstrativo
772 382 930 407 versum
951 370 1101 418 incepit
1123 370 1267 416 Agam.
1299 369 1393 412 530,
1418 370 1508 406 794.
1570 367 1753 417 Chocph.

227 444 326 488 ‘270;
358 442 432 478 sed
462 441 507 477 iis
536 439 720 476 omnibus
753 439 863 475 unde
910 437 1090 486 petenda
1132 437 1181 472 sit
1220 437 1336 472 venia
1368 448 1486 472 nemo
1530 448 1608 472 non
1643 436 1754 472 facile

226 509 442 556 intelleget.
510 506 697 554 Sequitur
742 511 785 541 ut
822 506 907 541 eius
946 516 1064 552 quam
1104 502 1343 540 rarissimam
1385 503 1561 550 speciem
1598 504 1753 545 vocavi,

227 575 414 624 exempla
443 583 693 623 proponam:

285 658 407 707 Soph.
427 656 475 694 O.
494 657 542 695 R.
562 658 640 694 282
689 653 741 694 τὰ
771 651 933 703 δεύτερ’
967 652 1020 693 ἐκ
1051 650 1197 692 τῶνδ’
1230 651 1293 692 ἂν
1323 650 1482 702 λέγοιμ’
1517 675 1564 679 --

536 726 640 762 1116
691 719 896 772 προῦχοις
925 718 1015 770 τάχ’
1048 718 1106 760 ἄν
1136 731 1254 771 που,
1283 718 1372 759 τὸν
1404 717 1546 769 βοτῆρ’
1571 742 1618 746 -

537 792 641 829 1492
692 787 785 828 ἀλλ’
812 786 915 838 ἡνίκ’
951 786 1012 828 ἂν
1040 786 1099 836 δὴ
1132 786 1268 836 πρὸς
1298 785 1444 836 γάμων
1475 809 1529 814 —-

283 861 374 898 Eur.
409 859 518 898 Med.
557 860 639 896 500
688 856 880 895 δοκοῦσα
912 854 1002 904 μὲν
1032 853 1078 893 τί
1112 852 1245 903 πρὸς
1275 865 1323 901 γε
1355 854 1437 892 σοῦ
1468 852 1641 904 πράξειν
1677 877 1723 880 --

327 955 331 960 .
391 927 527 975 Suppl.
560 928 640 964 4ss9
692 921 726 963 εἰ
754 921 789 962 δ’
823 921 938 962 ἔστιν
976 921 1033 961 έν
1070 923 1144 973 γῇ,
1174 921 1291 971 πρὶν
1321 922 1422 961 θεοῦ
1455 923 1576 961 δῦναι
1609 920 1756 971 σέλας.

564 993 641 1030 517
692 989 762 1030 καὶ
777 991 925 1039 πρῶτα
947 988 1038 1038 μέν
1061 997 1118 1028 σε
1138 987 1266 1038 πρὸς
1289 988 1341 1027 τὰ
1361 989 1490 1038 πρῶτ’
1512 986 1755 1037 ἀμείψομαι.

285 1057 485 1111 [Soph.O.
500 1061 548 1100 R.
563 1062 642 1098 700
692 1057 799 1107 ἐρῶ·
832 1056 890 1096 σε
921 1055 1014 1105 γὰρ
1046 1055 1194 1095 τῶνδ’
1227 1054 1281 1104 ἐς
1311 1055 1442 1095 πλέον
1473 1054 1609 1107 σέβω]

277 1125 386 1177 [Eur.
418 1128 504 1166 Alc.
540 1128 640 1164 1101
695 1125 839 1164 πιθοῦ·
871 1121 961 1172 τάχ’
996 1121 1057 1162 ἂν
1087 1121 1186 1171 γὰρ
1217 1121 1268 1171 ἐς
1300 1121 1400 1162 δέον
1430 1122 1556 1162 πέσοι
1587 1121 1725 1172 χάρις]

362 1192 533 1245 [Phoen.
562 1195 635 1232 981
693 1189 886 1230 Αἰτωλίδ’
910 1189 960 1238 ἐς
994 1190 1098 1238 γῆν.
1130 1212 1169 1215 -
1207 1187 1261 1228 ἐκ
1286 1188 1332 1228 δὲ
1354 1191 1485 1237 τῆσδε
1507 1190 1579 1229 ποῖ
1598 1188 1752 1240 περῶς]

235 1279 327 1326 Quo
359 1291 380 1315 e
411 1290 580 1315 numero
612 1277 755 1326 pungit
783 1288 847 1313 me
879 1275 1014 1323 Suppl.
1049 1287 1084 1312 v.
1108 1276 1201 1318 517,
1234 1286 1281 1311 ac
1311 1272 1386 1322 μέν
1419 1282 1468 1312 σε
1499 1275 1537 1311 in
1569 1273 1644 1323 μέν
1674 1282 1757 1313 σου

231 1346 345 1384 facile
377 1346 541 1395 quidem
582 1342 798 1380 mutaveris
844 1343 919 1379 sed
963 1342 1132 1379 forsitan
1172 1342 1294 1378 etiam
1332 1342 1480 1380 leviter.
1542 1342 1670 1390 Pergo
1710 1354 1757 1378 ca

232 1413 418 1462 exempla
450 1411 679 1449 describere
717 1422 822 1458 quae
860 1415 953 1446 sunt
991 1415 1085 1458 post
1114 1409 1452 1457 smniqffinariam,
1492 1410 1548 1445 ita
1583 1411 1756 1458 plerum-

230 1492 309 1530 que
341 1484 588 1528 comparata,
622 1484 666 1514 ut
687 1483 756 1515 aut
786 1478 825 1514 in
848 1477 1087 1514 vocabulum
1106 1482 1297 1526 quattuor
1319 1477 1555 1525 syllabarum
1586 1483 1755 1513 metrum

229 1554 361 1591 exeat,
407 1547 536 1595 qualis
574 1557 711 1582 versus
753 1552 815 1581 est
846 1544 1034 1594 Aeschyli
1071 1545 1144 1593 Ag.
1179 1546 1271 1586 922,
1313 1550 1393 1589 aut.¹
1432 1545 1461 1580 si
1500 1545 1642 1588 minus,
1685 1557 1756 1593 pes

227 1614 497 1664 paenultimus
538 1614 787 1662 spondiacus
827 1613 1025 1649 efficiatur
1065 1612 1139 1648 sic:
1188 1608 1312 1650 ἄναξ·
1349 1608 1526 1660 ὑπάρχει
1560 1611 1634 1659 μὲν
1665 1608 1754 1650 τόδ’

228 1680 274 1721 ἐν
303 1682 354 1733 τῇ
386 1683 442 1734 σῇ
465 1678 595 1730 χθονί.
658 1680 832 1729 Deinde,
865 1680 905 1716 id
937 1680 1047 1728 quod
1078 1681 1116 1715 in
1149 1680 1235 1727 ipsa
1257 1679 1397 1715 harum
1419 1680 1651 1716 vocularum
1682 1692 1752 1715 na-

229 1755 319 1786 tura
349 1749 526 1797 positum
564 1754 636 1792 est,
667 1761 747 1784 una
779 1760 868 1784 cum
902 1759 1070 1784 caesura
1103 1747 1329 1783 sententiae
1351 1747 1584 1783 incisionem
1622 1747 1754 1783 facero

230 1822 384 1854 amant:
415 1816 508 1854 Eur.
531 1815 622 1852 Hel.
659 1815 761 1853 1510
794 1811 828 1852 ὦ
858 1812 975 1853 δεινὰ
1007 1812 1155 1862 λέξας·
1187 1811 1249 1862 τίς
1273 1812 1318 1852 δέ
1347 1825 1411 1853 νιν
1442 1811 1674 1862 ναυκληρία
1704 1837 1754 1841 -

230 1883 336 1921 conf.
359 1883 545 1932 Aeschyl.
565 1883 640 1931 Ag.
661 1884 755 1932 922,
788 1881 910 1930 Soph.
930 1881 989 1918 El.
1015 1883 1134 1919 1351.
1185 1881 1278 1918 Eur.
1296 1881 1460 1930 Hippol.
1481 1884 1560 1919 790
1583 1882 1642 1919 El.
1666 1883 1758 1919 375.

229 1952 320 1989 5013.
369 1951 506 1999 Suppl.
531 1952 593 1989 95.
617 1952 709 1989 552.
755 1951 839 1988 Ion.
866 1952 984 1988 1173.
1004 1951 1097 1988 386.
1117 1949 1158 1985 fr.
1177 1951 1267 1988 378.
1313 1949 1432 1986 Nulla
1462 1949 1604 1986 incisio
1635 1949 1755 1997 Soph.

231 2016 281 2054 O.
304 2017 348 2056 C.
374 2019 465 2055 560.
496 2017 642 2056 Trach.
669 2019 786 2056 1078.
823 2017 916 2054 Eur.
935 2017 1095 2054 Heracl.
1119 2018 1207 2055 181.
1241 2017 1299 2053 El.
1322 2018 1415 2054 493.
1463 2016 1615 2054 Phoen.
1635 2018 1755 2054 1627.

232 2085 314 2121 Sed
345 2085 449 2121 enim
481 2085 583 2121 haec
616 2097 779 2135 quoque
809 2085 1088 2122 inveniuntur:

284 2157 380 2195 Eur.
404 2157 567 2207 Hippol.
593 2159 672 2196 790
702 2157 914 2207 γυναῖκες,
943 2154 1035 2196 ἴστε
1068 2154 1131 2205 τίς
1161 2154 1255 2195 ποτ’
1289 2154 1345 2196 έν
1376 2154 1559 2206 δόμοις
1591 2155 1691 2206 βοή;

497 2225 555 2263 El.
586 2228 666 2264 493
698 2221 732 2262 ὦ
750 2222 952 2273 Θύγατερ·
977 2221 1069 2273 ἄρτι
1100 2222 1180 2273 γάρ
1204 2232 1254 2263 σε
1284 2222 1421 2273 πρὸς
1444 2221 1631 2273 δόμοις
1655 2222 1757 2273 ὁρῶ.

496 2293 555 2331 El.
587 2294 666 2331 506
698 2290 766 2331 καὶ
781 2290 1033 2341 πατέρατὸν
1047 2289 1163 2340 ἐμὸν,
1178 2289 1228 2331 ὅν
1243 2289 1406 2330 ποτ’ἐν
1427 2291 1616 2339 χεροῖν
1632 2289 1755 2340 ἔχων.

287 2375 440 2414 Contra
470 2389 553 2413 non
583 2389 754 2413 numero
785 2376 907 2426 Soph.
941 2377 1001 2414 El.
1039 2378 1144 2414 1165
1204 2373 1352 2424 τοίγαρ
1392 2374 1447 2414 σὺ
1485 2375 1599 2417 δέξαι
1638 2374 1676 2426 μ’
1712 2376 1757 2426 ἐς

1202 2442 1251 2482 τὸ
1279 2442 1361 2483 σὸν
1382 2441 1481 2483 τόδε
1503 2442 1672 2493 στέγος.

727 2512 818 2550 Eur.
851 2512 1004 2551 Phoen.
1040 2513 1144 2550 1627
1204 2511 1367 2560 νεκρῶν
1413 2509 1460 2550 δὲ
1500 2512 1635 2552 τῶνδε
1681 2510 1758 2551 τὸν

1204 2577 1280 2627 μὲν
1298 2576 1344 2627 ἐς
1362 2576 1522 2628 δόμους
1543 2577 1700 2628 χρεών,

232 2671 408 2708 namque
438 2664 482 2696 ut
510 2659 676 2696 tandem
707 2659 852 2709 dicam,
884 2658 1183 2695 inconsiderate
1213 2670 1334 2706 agere
1363 2658 1547 2696 existimo
1576 2669 1661 2701 coe,
1690 2659 1759 2707 qui

232 2731 450 2776 praecepto
482 2727 661 2774 quodam
693 2726 961 2762 Dindorfiano
999 2725 1164 2774 decepti
1201 2723 1260 2774 ἐς,
1302 2725 1542 2774 ubicumque
1574 2738 1646 2773 per
1675 2738 1758 2762 me-

230 2800 331 2831 trum
363 2794 469 2843 licet,
499 2793 540 2829 in
577 2794 791 2841 tragoedia
828 2793 1041 2830 restituant
1077 2805 1124 2830 ac
1162 2793 1435 2840 pronuntient,
1495 2792 1757 2841 compertum

365 2925 379 2949 1
403 2933 546 2970 propter
572 2928 624 2971 ἑς;
651 2929 731 2960 vide
757 2938 847 2970 quae
873 2928 962 2959 infra
987 2927 1022 2958 in
1048 2937 1124 2958 eam
1151 2927 1352 2958 sententiam
1379 2927 1579 2969 disputabo.
