2006 3327
1130 195 1175 232 40

405 327 504 357 trum
535 324 652 369 cogat
670 317 696 357 ¹.
765 318 869 355 Hinc
900 317 1017 354 etiam
1048 316 1138 353 Eur.
1171 314 1361 351 Androm.
1392 314 1469 351 348
1501 308 1534 349 ὦ
1563 307 1732 360 τλήμων
1763 307 1899 361 ἀνήρ2

405 400 491 424 cum
523 387 756 423 Hermanno
788 395 975 421 revocare
1005 394 1085 418 non
1114 381 1354 423 dubitamus,
1385 379 1620 427 praesertim
1651 391 1739 416 cum
1770 380 1896 416 nomi-

404 454 578 490 nativum
609 465 680 501 pro
714 452 894 488 vocativo
926 450 979 486 ita
1009 461 1089 484 non
1121 447 1290 496 fugerint
1321 446 1467 494 tragici,
1499 452 1541 482 ut
1570 447 1690 484 etiam
1712 447 1764 483 ibi
1786 447 1898 483 adhiss

403 520 552 568 herent,
584 519 649 554 ubi
679 518 787 555 haud
817 528 983 553 necesse
1016 520 1120 550 erat:

457 585 546 623 Eur.
577 584 684 622 Med.
720 586 823 622 1130
869 579 975 621 ἀλλὰ
1007 580 1057 630 μὴ
1090 579 1290 629 σπέρχου,
1323 577 1448 628 φίλος

542 651 689 688 Phoen.
723 652 824 687 1227
872 646 1035 696 Κάδμου
1066 659 1109 686 τε
1140 643 1257 694 λαός,
1292 643 1393 694 μήτε
1418 675 1532 684 .....

401 730 450 753 ne
480 715 609 765 τάλας
640 723 679 753 et
708 715 851 763 τάλαν,
882 714 1002 763 πόλις
1025 722 1064 752 et
1085 713 1193 758 πόλι,
1223 711 1350 762 πόσις
1372 720 1411 751 et
1432 710 1534 752 πόσι
1558 722 1752 764 perpetuo
1775 716 1898 753 mixta

400 797 716 822 commemorem.
776 784 879 819 Male
910 789 1042 819 autem
1072 786 1340 830 provocarunt
1370 781 1422 818 ad
1457 782 1638 830 exempla
1669 783 1746 827 illa,
1781 783 1897 831 quale

399 859 459 889 est
479 852 585 901 Cycl.
608 865 639 889 v,
664 853 714 887 74
745 847 777 888 ὦ
806 848 931 898 φίλος
961 846 994 887 ὧ
1026 847 1121 898 φίλε
1147 847 1330 897 Βακχεῑε,
1362 860 1479 897 quem
1502 860 1616 884 usum
1639 861 1687 885 ex
1706 849 1898 899 Homero,

398 919 470 955 nisi
501 919 621 963 fallor,
671 923 869 966 arreptum
899 917 1006 953 solus
1036 928 1107 952 suo
1141 922 1320 964 ternpore
1353 915 1563 964 Euripides
1594 927 1726 964 neque
1756 916 1788 952 is
1819 917 1895 952 nisi

397 987 434 1021 in
467 985 629 1021 canticis
661 984 838 1021 excoluit.
896 983 954 1019 Ibi
984 984 1089 1020 duae
1123 983 1415 1031 appellationes
1455 982 1778 1031 conglutinantur
1812 983 1896 1031 qui-

398 1053 503 1095 dem,
536 1052 606 1088 sed
635 1052 795 1087 minime
827 1058 907 1087 tam
938 1056 1032 1094 arte,
1068 1055 1111 1086 ut
1143 1061 1225 1085 non
1255 1056 1422 1097 utraque
1453 1061 1588 1086 earum
1618 1050 1817 1098 propriam
1847 1062 1895 1087 ac

397 1130 507 1155 suam
550 1124 740 1167 sequatur
778 1118 1002 1163 flexionem,
1050 1117 1090 1152 id
1136 1118 1246 1165 quod
1288 1128 1481 1165 generum
1521 1102 1730 1154 diversitas
1775 1118 1898 1154 docet

398 1187 588 1222 Androm.
619 1188 698 1223 510
727 1183 875 1224 τέκνον
906 1181 939 1222 ὦ
970 1182 1107 1233 φίλος.
1170 1183 1306 1221 Multis
1347 1184 1460 1220 annis
1500 1190 1593 1232 post
1633 1183 1895 1222 Callimachus

395 1254 516 1302 epigr.
546 1254 596 1290 58
627 1252 778 1290 Wilam.

880 1316 954 1367 τίς,
990 1316 1110 1367 ξένος
1142 1314 1176 1356 ὧ
1207 1316 1386 1365 ναυαγέ;

524 1466 536 1489 1
562 1469 682 1500 Exstat
706 1469 740 1499 in
766 1468 884 1500 Rheso
911 1478 1026 1500 versus
1060 1469 1211 1500 incertae
1245 1468 1403 1500 lectionis
1430 1467 1509 1507 388,
1548 1469 1610 1500 sed
1644 1458 1702 1511 qiii
1737 1468 1808 1501 fere
1845 1469 1893 1501 sic

394 1527 529 1560 edatur:

654 1584 758 1628 χαῖρ’,
785 1585 913 1626 ἐσθλὸς
939 1585 1070 1619 ἐσθλοῦ
1096 1589 1173 1623 παῖ,
1199 1585 1357 1628 τύραννε
1381 1587 1496 1628 τῆσδε
1520 1589 1598 1629 γῆς.

395 1644 494 1675 Certe
519 1650 667 1685 praestat
693 1644 852 1674 Dindorfi
880 1645 1090 1676 coniectura:
1117 1645 1221 1687 χαῖρ’,
1249 1644 1346 1678 ἔσθλ’
1374 1644 1434 1678 ἀπ’
1463 1645 1595 1679 ἐσθλοῦ
1621 1650 1677 1678 ctt.

523 1700 538 1722 2
563 1702 649 1744 ἄνερ
675 1702 765 1735 libri.
815 1713 831 1735 ε
859 1707 892 1734 et
917 1713 938 1744 η
967 1704 1124 1734 confusas
1149 1693 1232 1745 puto
1260 1704 1359 1735 etiam
1386 1703 1490 1745 Soph.
1517 1704 1570 1736 El.
1600 1703 1708 1736 1216:

676 1760 743 1793 ΗΛ.
782 1760 882 1803 εἴπερ
907 1759 939 1801 γ’
963 1758 1141 1803 Ὀρέστου
1169 1763 1274 1803 σῶμα
1301 1761 1468 1803 βαστάζω
1493 1762 1591 1795 τόδε.

677 1819 743 1852 ΟΡ.
785 1819 861 1853 ἀλλ’
888 1820 955 1852 οὐκ
978 1817 1167 1863 Ὀρέστου7
1194 1821 1290 1862 πλὴν
1315 1821 1414 1865 λόγῳ
1440 1820 1473 1862 γ’
1501 1820 1723 1863 ἠσκημένον.

401 1878 534 1910 Malim:
562 1879 658 1919 πλὴν
672 1879 770 1922 λόγῳ
784 1879 816 1919 γ’
830 1879 1272 1921 ἑσκημμὲνονασκήπτω,
1302 1880 1633 1923 Ηεεγο]].σκήψαςε
1651 1878 1896 1923 προφασίσας.
