2006 3327
920 169 942 204 9

383 286 511 337 οἴμοι·
544 286 755 326 πέπυσται
785 284 859 325 τὸν
891 284 993 335 ἐμὸν
1025 283 1197 324 ἕκθετον
1227 282 1377 331 γόνον;

381 355 513 397 πόθεν
541 355 654 403 ποτ’;
687 352 720 393 ὤ
754 352 980 402 δύστηνος,
1011 352 1071 402 ὡς
1104 350 1346 401 ἀπωλόμην.

186 428 245 465 Ac
277 433 386 464 recte
418 425 582 474 quidem
613 423 652 460 in
684 419 896 461 πέπυσται
918 422 961 460 L.
986 420 1217 458 Dindorfius
1247 421 1429 463 offendit,
1462 420 1573 456 cuius
1606 419 1705 455 haec

186 500 279 532 sunt
308 493 451 530 verba:
479 485 604 537 ‘Quis
636 491 802 527 tandem
828 487 1067 527 πέπυσταιῖ)
1097 489 1360 525 Menelausne
1384 500 1435 524 an
1458 483 1704 523 Hermiona?

185 562 399 600 Enimvero
431 559 563 603 ambo,
609 564 650 593 ut
686 557 725 592 in
763 557 1024 604 praecedenti
1057 567 1171 592 versu
1200 561 1261 592 est
1292 552 1467 593 κτείνειν
1502 551 1705 601 μέλλουσι

187 635 228 666 et
258 628 406 676 ubique
436 638 509 675 per
539 631 667 662 totam
698 624 803 660 hanc
837 636 1037 662 scaenam.
1098 623 1255 660 Vitiosa
1298 623 1416 671 igitur
1459 621 1588 658 oratio
1630 628 1704 664 est,

187 706 290 745 quae
331 706 379 730 ex
419 693 578 730 duobus
622 703 792 740 quorum
830 692 979 728 eodem
1017 697 1188 739 uterque
1226 691 1308 726 iure
1349 689 1527 737 intellegi
1558 694 1707 738 potest,

187 774 309 798 unum
339 766 535 798 memorat
565 771 643 796 nec
674 765 808 795 tamen
835 748 1049 796 nominat'.
1111 757 1295 794 Dindorfi
1322 757 1515 792 iudicium
1544 762 1706 792 secutus

187 828 393 867 Nauckius
424 829 528 865 bene
560 838 701 864 eorum
725 826 938 874 opiniones
961 825 1178 874 redarguit,
1211 825 1276 872 qui
1298 822 1510 862 πέπυσται
1534 824 1587 860 ad
1606 823 1707 860 Her-

185 898 363 934 mionam
394 902 578 944 spectare
609 894 926 931 contenderant:
957 883 1165 935 ‘Einmal'‚
1197 892 1337 941 inquit,
1365 884 1493 927 ‘ware
1526 903 1570 927 es
1598 892 1707 927 daun

187 965 226 1002 in
258 958 550 1011 der'Orclnung
581 973 769 1010 gewesen
799 973 846 996 zu
878 958 1090 998 πέπυσται
1125 960 1197 995 das
1220 959 1411 995 felilende
1434 958 1600 1006 Subjekt
1622 958 1708 993 hin-

186 1030 423 1078 zuzuffigen‚
455 1030 615 1067 sodann
646 1029 742 1064 aber
774 1030 889 1074 ware,
926 1040 1039 1063 wenn
1074 1015 1117 1063 es
1143 1033 1247 1063 etwa
1269 1026 1401 1063 hiesse
1423 1022 1487 1073 ἆρ’
1507 1018 1707 1073 Ἑρμιόνη

186 1096 412 1144 πέπυσται,
445 1098 511 1134 die
534 1095 850 1143 Beschriinkung
882 1095 954 1132 auf
973 1095 1191 1132 Hermione
1223 1106 1323 1143 ganz
1358 1093 1601 1129 wunderlich
1625 1093 1708 1129 und

187 1166 332 1203 hochst
349 1154 632 1203 unerklarlich'
657 1161 768 1210 (Eur.
795 1163 908 1202 Stud.
932 1163 966 1199 II
989 1176 1025 1211 p.
1049 1164 1129 1208 89).
1192 1161 1463 1198 Consentiunt
1493 1161 1612 1209 igitur
1640 1160 1708 1196 viri

189 1233 412 1270 doctissimi
443 1233 483 1269 in
515 1232 732 1269 statuenda
764 1231 1002 1279 corruptela,
1048 1230 1088 1266 in
1125 1242 1239 1266 versu
1280 1229 1518 1276 corrigendo
1553 1228 1709 1264 dissen-

190 1301 302 1339 tiunt.
362 1300 476 1337 Alter
505 1300 613 1336 enim
643 1296 833 1337 πέπυσθε
865 1298 1003 1346 reponi
1042 1298 1169 1341 iussit,
1215 1297 1315 1333 alter
1343 1295 1545 1333 Nauckius
1577 1292 1708 1333 πέπυ-

189 1369 310 1415 σθον,
358 1368 471 1416 quod
508 1367 667 1404 etiamsi
703 1366 831 1415 magis
870 1365 1042 1409 adridet,
1089 1371 1226 1400 tamen
1265 1375 1404 1399 vereor
1441 1369 1483 1399 ut
1515 1363 1564 1399 ab
1603 1362 1710 1398 omni

191 1442 305 1486 parte
344 1435 579 1473 satisfaciat.
639 1433 832 1470 Nimirum
873 1446 942 1470 cur
982 1432 1123 1469 librarii
1160 1429 1383 1469 πέπυσθον
1421 1430 1460 1466 in
1498 1428 1710 1469 πέπυσται

191 1502 453 1551 corruperint,
499 1513 580 1538 non
611 1501 818 1550 pervideo,
851 1512 941 1536 cum
973 1511 1102 1548 neque
1133 1499 1224 1536 alibi
1258 1498 1353 1535 talia
1385 1497 1554 1534 confusa
1586 1509 1710 1546 appa-

190 1576 305 1607 reant
337 1581 469 1618 neque
501 1581 593 1605 vero
627 1569 845 1604 litterarum
885 1567 963 1604 ulla
1002 1567 1050 1603 sit
1088 1566 1317 1603 similitudo.
1379 1564 1512 1610 Quare
1545 1564 1711 1600 circum-

190 1638 441 1687 spiciendum
473 1642 535 1673 est
566 1649 617 1673 an
648 1636 728 1672 fieri
759 1636 889 1684 possit,
923 1642 963 1671 ut
995 1635 1071 1671 alio
1104 1634 1269 1670 artificio
1300 1632 1525 1670 sententiae
1549 1644 1711 1668 succur-

191 1716 334 1743 ramus,
394 1704 539 1741 Exstat
570 1714 718 1750 versus,
756 1714 837 1752 quo
870 1715 975 1739 nunc
1008 1702 1155 1749 legitur
1187 1702 1276 1738 loco
1304 1700 1446 1737 saltem
1474 1711 1714 1748 supervaca-

190 1785 289 1811 neus
324 1773 391 1811 73:
423 1771 532 1808 hunc
562 1777 655 1819 post
689 1772 738 1807 69
770 1770 925 1806 colloca
958 1775 997 1806 et
1028 1769 1162 1805 omnia
1194 1769 1315 1816 plana
1346 1773 1480 1803 erunt:

241 1837 358 1879 ΘΕΡ.
388 1837 463 1877 τὸν
493 1835 627 1877 παῖδά
658 1845 738 1876 σου
771 1835 1010 1885 μέλλουσιν,
1044 1833 1078 1874 ὧ
1110 1833 1295 1883 δύστηνε
1329 1832 1397 1883 σύ,

307 1909 356 1945 69
389 1903 578 1955 κτείνειν,
611 1903 660 1943 ὃν
692 1902 770 1944 ἔξω
802 1900 1007 1952 δωμάτων
1038 1901 1267 1942 ὑπεξέθου·

310 1975 359 2012 73
391 1973 584 2022 φροῦδος
617 1971 652 2011 δ’
685 1968 748 2010 ἐπ’
781 1968 913 2010 αὐτὸν
945 1967 1173 2018 Μενέλεως
1204 1966 1346 2017 δόμων
1379 1966 1475 2007 ἄπο.

201 2038 284 2080 ΑΝ.
309 2041 359 2079 70
390 2037 519 2088 οἴμοι·
551 2037 765 2078 πέπυσται
796 2036 871 2076 τὸν
903 2035 1006 2086 ἐμὸν
1038 2035 1211 2076 ἕκθετον
1241 2033 1393 2083 γόνον;

390 2104 522 2146 πόθεν
552 2108 665 2151 ποτ’;
698 2103 731 2144 ὦ
762 2104 990 2154 δύστηνος,
1021 2102 1080 2154 ὡς
1113 2101 1357 2153 ἀπωλόμην.

193 2176 326 2214 Video
365 2182 502 2213 autem
543 2181 728 2225 paratum
767 2186 856 2211 esse
895 2180 1176 2223 argumentum
1223 2185 1301 2222 quo
1347 2172 1582 2209 coniectura
1629 2183 1719 2208 mea

194 2244 515 2288 commendetur,
554 2243 730 2292 positum
761 2243 803 2278 id
835 2242 998 2290 quidem
1031 2242 1070 2277 in
1101 2241 1275 2278 numeris
1314 2240 1456 2289 quibus
1494 2246 1581 2276 tota
1618 2239 1719 2277 haec

195 2324 346 2350 scaena
375 2311 417 2348 in
446 2311 569 2348 fixum
596 2311 781 2347 ordinem
813 2311 982 2346 redacta
1011 2316 1083 2347 est.
1145 2307 1263 2345 Cerni
1300 2308 1409 2357 apud
1449 2308 1622 2357 tragicos
1660 2308 1718 2344 in-

195 2380 356 2417 terdum
398 2379 574 2416 studium
619 2378 830 2427 quoddam
877 2377 998 2414 etiam
1044 2377 1222 2413 diverbia
1266 2376 1332 2414 Via
1374 2388 1420 2412 ac
1465 2375 1622 2412 ratione
1665 2375 1720 2412 ita

196 2447 443 2496 disponendi
474 2452 517 2482 ut
548 2452 751 2483 certorum
782 2445 1050 2482 membrorum
1080 2445 1205 2481 modo
1236 2444 1427 2492 perplexa
1447 2443 1574 2491 magis
1596 2444 1720 2479 modo

196 2514 326 2551 minus
357 2514 570 2551 elaborata
601 2513 864 2561 congruentia
903 2513 1107 2555 evaderet,
1154 2523 1243 2548 cum
1280 2511 1346 2547 alii
1384 2511 1497 2547 multi
1533 2511 1719 2548 observa-

196 2588 301 2625 runt,
347 2588 430 2619 tum
472 2581 673 2629 Euripidis
719 2581 758 2616 in
802 2580 878 2616 hac
924 2591 966 2616 re
1008 2579 1232 2627 elegantias
1273 2579 1320 2616 R.
1351 2575 1579 2615 Hirzelius1
1621 2578 1720 2614 libro

196 2648 390 2699 peculiari
410 2654 646 2698 persecutus
670 2653 742 2686 est.
801 2648 862 2684 Ac
895 2658 1138 2696 quamquam
1169 2646 1274 2682 bene
1305 2646 1387 2682 scio
1420 2645 1482 2682 vix
1514 2658 1604 2682 esse
1632 2658 1720 2682 ma-

198 2716 338 2753 teriam
369 2721 452 2752 tam
482 2715 672 2752 lubricam
695 2720 816 2762 atque
839 2715 961 2750 etiam
983 2714 1169 2750 odiosam
1193 2713 1321 2749 cautis
1344 2713 1552 2757 iudicibus,
1583 2719 1721 2749 tamen

198 2783 331 2820 facere
362 2794 445 2819 non
475 2795 641 2831 possum
684 2782 777 2830 quin
816 2781 1024 2818 hominum
1059 2781 1273 2816 doctorum
1311 2781 1447 2818 oculos
1488 2786 1719 2816 convertam

332 2925 345 2950 l
373 2928 416 2960 de
444 2927 621 2970 Euripidis
647 2927 682 2959 in
708 2926 958 2969 componendis
986 2925 1149 2958 diverbiis
1177 2930 1260 2959 arte.
1287 2925 1382 2968 Lips.
1411 2924 1512 2958 1869.
