2006 3327
972 199 1015 234 14

234 317 332 358 σὸν
362 316 491 366 οἶνον,
535 320 595 355 vel
636 319 792 355 inverso
831 318 973 354 ordine
1005 318 1096 357 Pac.
1135 319 1212 355 144
1238 315 1360 366 λιμὴν
1391 316 1437 356 δὲ
1482 315 1561 366 τίς
1603 326 1654 358 σε
1683 317 1751 359 δέ·

232 388 344 426 Ξεται
374 383 670 435 φορούμενον;
709 385 779 421 Αν.
813 385 918 421 1024
950 381 1113 432 ἔπεμψε
1144 382 1191 422 δὲ
1222 381 1305 432 τίς
1336 391 1386 423 σε
1417 384 1569 433 δεῦρο;
1604 385 1750 434 Neque

234 455 346 490 aliter
382 453 534 499 tragici.
595 451 701 487 Vide
740 452 864 487 modo
904 451 1104 499 Euripidis
1137 451 1352 489 Medeam:
1393 464 1426 490 v,
1457 453 1536 489 312
1577 450 1644 489 καὶ
1673 452 1750 491 νῦν

233 519 282 558 τὸ
313 519 388 568 μὲν
417 517 515 558 σὸν
547 515 597 556 οὐ
629 518 791 566 φθονῶ,
835 530 870 555 ν.
893 519 974 555 460
1004 514 1104 565 ἥκω,
1143 516 1193 555 τὸ
1215 516 1320 556 σὸν
1352 517 1398 556 δὲ
1428 516 1751 567 προσκοπούμε-

233 599 322 636 νος,
354 584 496 633 γύναι·
556 598 589 624 ν.
614 586 695 623 500
725 584 916 622 δοκοῦσα
949 582 1024 632 μὲν
1055 581 1101 622 τί
1130 581 1239 633 πρός
1269 596 1317 631 γε
1355 584 1437 623 σοῦ
1477 581 1649 633 πράξειν
1684 597 1751 625 κα-

233 655 338 702 κῶς;
369 667 403 691 ν.
437 653 540 690 1222
572 649 640 689 καί
669 663 737 699 μοι
767 648 815 689 τὸ
847 649 923 699 μὲν
953 648 1050 690 σὸν
1083 648 1278 689 ἐκποδὼν
1307 649 1418 690 ἔστω
1455 650 1609 699 λόγων.
1669 653 1751 690 Sed

234 730 277 759 ut
307 723 361 758 ad
392 719 702 768 Aristophanem
740 719 919 766 redeam,
960 730 1073 754 veras
1108 719 1368 770 exceptiones
1398 720 1660 767 paucissimas
1692 732 1751 756 re-

235 790 358 837 linqui
389 788 604 834 intellegis:
636 786 797 824 Acharn
829 787 906 823 796
939 782 1010 830 (ἂν
1036 783 1112 823 τὸν
1143 781 1296 823 ὀδελὸν
1331 786 1371 821 in
1401 786 1646 835 Megarensis
1675 785 1752 836 or.)

235 858 306 893 Av.
348 856 464 897 1143,
503 854 665 902 Lysistr.
700 854 792 899 201,
833 853 940 890 Eccl.
972 854 1064 901 412,
1105 853 1223 890 1149.
1289 851 1388 889 Plut.
1422 854 1520 901 5593
1557 860 1597 891 at
1640 861 1753 891 octo-

235 924 346 971 ginta
379 922 460 958 fere
491 921 588 958 locis
631 920 806 957 comicus
850 920 981 967 legem
1026 925 1187 956 secutus
1219 925 1290 963 est,
1322 919 1361 955 in
1390 919 1466 956 hac
1497 921 1752 957 observantia

235 991 295 1026 vel
335 989 495 1037 tragicis
537 987 722 1025 severior.
784 987 884 1024 Sunt
923 987 1024 1023 haec
1063 986 1235 1023 fortasse
1267 986 1386 1030 levia;
1423 998 1546 1035 quare
1584 989 1699 1025 venia
1730 1001 1753 1025 a

235 1058 383 1094 lectore
404 1056 659 1104 impetranda
677 1061 738 1090 est
770 1055 882 1102 quod
910 1054 1026 1090 huius
1046 1053 1331 1102 disputationis
1354 1053 1471 1090 finem
1493 1065 1576 1090 non
1596 1055 1752 1103 faciam,

235 1126 466 1174 priusquam
509 1124 677 1159 alteram
723 1123 774 1158 de
813 1121 1099 1169 monosyllabis
1137 1121 1322 1157 brevibus
1363 1121 1753 1158 observatiunculam

235 1192 456 1229 subiecerO.
516 1190 612 1226 Illae
643 1190 748 1226 enirn
774 1189 943 1225 voculae
975 1200 1066 1224 cum
1096 1188 1135 1224 in
1166 1188 1394 1224 elevatione
1424 1188 1590 1224 trimetri
1607 1188 1754 1237 saepis-

237 1260 335 1295 sime
366 1258 524 1307 positae
555 1257 809 1293 inveniantur
843 1277 886 1281 —
924 1267 1169 1304 quamquam
1214 1267 1266 1291 ne
1303 1255 1343 1291 in
1381 1255 1458 1291 hoc
1488 1255 1652 1302 quidem
1682 1266 1751 1291 usu

237 1325 376 1374 tragici
406 1326 509 1362 inter
540 1337 582 1361 se
616 1324 858 1373 conspirant,
900 1324 965 1372 qui
996 1324 1056 1359 vel
1088 1323 1230 1371 singuli
1270 1323 1310 1359 in
1342 1322 1506 1370 singulis
1538 1321 1756 1369 tragoediis

237 1394 348 1429 haud
379 1393 453 1429 sibi
488 1397 678 1429 constent
712 1412 754 1416 —
792 1397 928 1427 tamen
953 1402 1042 1426 raro
1075 1390 1224 1426 facturn
1262 1396 1323 1427 est
1358 1395 1402 1426 ut
1437 1389 1476 1425 in
1507 1389 1612 1425 binis
1642 1389 1756 1426 dein-

238 1472 331 1508 ceps
346 1461 517 1508 pedibus
542 1460 644 1496 arsin
667 1464 929 1506 occuparent,
961 1458 1081 1494 veluti
1103 1457 1288 1504 Aeschyl.
1312 1456 1418 1495 Pers.
1437 1458 1517 1494 457
1541 1453 1639 1494 ὅποι
1661 1453 1755 1504 τρά-

236 1535 379 1566 ποιτο·
420 1524 557 1565 πολλὰ
589 1525 681 1574 μὲν
713 1523 809 1573 γὰρ
840 1523 894 1563 ἐκ
924 1525 1046 1563 νεῶν.
1097 1524 1220 1562 Cuius
1253 1525 1410 1572 generis
1442 1524 1551 1572 apud
1583 1523 1755 1571 Aeschy—

238 1598 317 1632 lum
349 1608 430 1631 non
461 1595 630 1643 amplius
655 1599 750 1630 octo
782 1593 965 1640 exempla
997 1591 1260 1640 deprehendi,
1299 1592 1409 1639 apud
1440 1590 1683 1639 Sophoclem
1715 1590 1754 1625 in

238 1664 406 1699 totidem
452 1662 594 1698 fabulis
643 1661 779 1709 viginti
822 1660 909 1702 tria,
951 1659 1220 1707 undetriginta
1262 1658 1437 1705 denique
1478 1657 1517 1693 in
1553 1657 1755 1704 Euripidis

240 1729 470 1777 tragoediis.
530 1728 634 1764 Nihil
658 1725 859 1764 eiusmodi
886 1728 996 1775 apud
1027 1726 1150 1763 Rhesi
1173 1726 1417 1774 scriptorem.
1477 1726 1536 1761 Ac
1566 1726 1627 1761 vel
1659 1726 1754 1761 inde

239 1799 357 1845 longe
386 1797 637 1845 gravissimos
665 1795 863 1831 trimetros
887 1794 1126 1842 Aeschylum
1156 1793 1354 1842 panxisse‚
1389 1792 1588 1841 Euripidis
1621 1797 1757 1827 autem

240 1866 419 1902 senarios
442 1865 674 1912 Aeschyleis
699 1875 818 1913 quam
839 1862 1074 1911 Sophocleis
1096 1861 1230 1910 aliquo
1251 1861 1374 1896 modo
1407 1860 1615 1897 similiores
1638 1859 1758 1896 fuisse

238 1933 331 1969 licet
362 1932 478 1968 nobis
511 1932 766 1968 concludere.
827 1930 1043 1967 Praeterea
1089 1941 1182 1965 vero
1227 1929 1330 1964 inter
1371 1939 1414 1964 se
1446 1938 1495 1963 eo
1528 1923 1763 1974 discrepant

240 2002 351 2050 quod
384 1999 604 2047 Aeschylus
645 1998 814 2047 plurima
852 1997 1035 2045 exempla
1076 1997 1115 2032 in
1152 1995 1264 2032 initio
1296 1995 1461 2031 trimetri
1492 1992 1549 2041 (4)
1581 1992 1756 2035 admisit,

241 2068 391 2104 deinde
430 2072 524 2115 post
561 2065 934 2114 semiseptenariam
971 2062 1023 2112 (3.
1056 2063 1104 2102 cf.
1137 2063 1242 2100 Pers.
1275 2063 1353 2099 766
1395 2056 1590 2109 θρόνοισί
1617 2056 1652 2098 τ’
1685 2056 1758 2107 ἀρ·

239 2132 413 2183 χαίοισι·
445 2131 537 2172 τὸν
567 2131 618 2171 δὲ
649 2130 750 2171 σὺν
775 2129 921 2183 δόλῳ),
954 2131 1174 2180 Sophocles
1204 2130 1370 2178 plurima
1401 2134 1493 2176 post
1525 2128 1757 2175 semisepte-

239 2202 390 2237 nariam
422 2197 496 2250 (8),
528 2200 717 2248 pauciora
749 2196 809 2247 (5)
840 2199 879 2234 in
909 2198 1021 2234 initio
1054 2208 1189 2234 versus
1214 2196 1403 2241 exhibuit,
1435 2207 1523 2231 cum
1544 2194 1756 2243 Euripides

240 2280 332 2304 eum
363 2269 494 2304 locum
518 2266 746 2316 praeferret,
778 2265 843 2313 qui
874 2271 934 2302 est
964 2270 1057 2313 post
1087 2263 1412 2316 semiquinariam
1444 2257 1544 2311 (10),
1578 2267 1662 2298 turn
1693 2261 1756 2297 tri-

240 2335 353 2371 metri
384 2334 594 2370 exordium
628 2330 702 2381 (9).
761 2332 978 2368 Rarissima
1000 2339 1135 2368 autem
1165 2335 1227 2365 est
1247 2329 1350 2365 haec
1374 2328 1558 2377 species:
1589 2325 1642 2366 τὰ
1663 2325 1754 2366 δεύ-

241 2399 324 2449 τερ’
360 2398 411 2439 ἐκ
441 2396 593 2439 τῶνδ’
627 2397 688 2438 ἂν
718 2397 889 2447 λέγοιμ’,
921 2395 947 2436 ἅ
966 2409 1033 2445 μοι
1055 2396 1184 2446 δοκεῖ,
1217 2408 1321 2444 quae
1355 2408 1445 2433 cum
1467 2397 1578 2444 apud
1600 2395 1758 2443 Sopho-

243 2469 343 2504 clem
374 2474 516 2516 quater
546 2472 720 2503 recurrat
746 2466 786 2502 in
808 2465 968 2514 Oedipo
992 2465 1118 2514 Rege,
1150 2464 1261 2513 apud
1282 2463 1516 2512 Euripidem
1547 2463 1756 2510 quinquies

242 2534 450 2572 invenitur.
515 2533 636 2570 Porro
673 2533 810 2582 tragici
851 2533 968 2568 enixe
1005 2543 1170 2580 operam
1209 2532 1410 2568 dederunt
1449 2536 1506 2573 ut,
1545 2531 1576 2566 si
1612 2530 1758 2577 primas

243 2601 345 2637 duas
376 2601 538 2637 trimetri
560 2600 806 2637 elevationes
827 2599 1101 2648 monosyllaba
1130 2598 1266 2634 brevia
1296 2598 1555 2644 insedissent,
1588 2609 1612 2634 a
1637 2608 1758 2644 spon-

243 2668 322 2704 deo
352 2679 488 2704 versus
518 2668 733 2712 ordiretur;
774 2666 878 2704 conf.
914 2665 1097 2713 Aeschyl.
1128 2665 1259 2714 Suppl.
1291 2665 1384 2707 469,
1418 2663 1540 2712 Soph.
1572 2663 1631 2701 El.
1663 2664 1755 2700 441.

244 2735 293 2772 O.
326 2734 372 2772 R.
404 2736 482 2773 590
515 2734 563 2771 Ο.
596 2734 639 2772 C.
674 2735 766 2779 748,
799 2736 891 2778 992,
930 2733 972 2772 fr.
1003 2734 1082 2771 479
1114 2731 1266 2769 Nauck.
1314 2731 1407 2769 Eur.
1441 2731 1602 2779 Hippoi.
1638 2730 1756 2772 1042,

243 2801 398 2839 Hecab.
432 2802 549 2848 1269,
595 2801 754 2840 Hercul.
785 2803 878 2844 274,
923 2800 1057 2849 Suppl.
1089 2799 1181 2846 568,
1220 2797 1304 2846 Iph.
1343 2797 1465 2834 Taur.
1500 2799 1593 2844 670,
1639 2797 1757 2838 1201,

247 2869 365 2918 1407,
396 2866 464 2904 Or.
498 2869 614 2905 1132.
675 2868 805 2904 Semel
845 2867 1006 2916 quidem
1043 2871 1104 2902 est
1133 2864 1321 2914 Sophocl.
1361 2864 1496 2913 Antig.
1530 2875 1586 2901 vs,
1618 2864 1672 2900 80
1700 2859 1755 2899 σὺ

245 2933 320 2985 μὲν
350 2931 439 2973 τάδ’
472 2931 523 2973 ἂν
553 2930 741 2983 προῦχοι’
775 2955 839 2984 ἢ,
882 2934 1004 2971 semel
1045 2934 1136 2972 Eur.
1169 2931 1251 2980 Iph.
1277 2931 1323 2968 T.
1355 2933 1433 2969 93ss
1474 2927 1513 2969 τί
1553 2925 1632 2977 γάρ
1663 2927 1757 2967 ποτ’
1798 2965 1801 2969 ,
