2006 3327
1040 226 1085 259 38

364 344 523 392 Hippol.
555 346 634 381 954
674 342 851 393 βάκχευε
880 342 1051 382 πολλῶν
1080 340 1336 391 γραμμάτων
1366 343 1495 392 τιμῶν
1526 341 1731 392 καπνούς·

672 408 761 448 ἐπεί
790 406 826 455 γ’
861 407 1060 457 ἐλήφθης.

394 478 478 515 Ion.
512 479 616 515 1353
663 474 752 515 ἐπεί
781 473 817 522 γ’
851 473 874 514 ὁ
905 472 1066 523 δαίμων
1098 472 1311 523 βούλεται·
1341 474 1516 525 πάροιθε
1548 477 1582 515 δ’
1614 474 1676 516 οὔ.

362 544 504 581 Helen.
538 545 615 581 556
659 539 810 591 ἵστημ’,
842 540 933 581 ἐπεί
962 553 1009 588 γε
1040 541 1154 580 τοῦδ’
1187 539 1427 591 ἐφάπτομαι
1457 541 1605 582 τόπου.

439 612 476 647 Si
504 623 662 647 sensum
683 610 900 653 examinas,
931 610 971 645 in
994 608 1223 657 Supplicum
1245 608 1533 658 Hippolytique
1555 611 1745 659 exemplis
1766 609 1814 657 γε’

309 679 478 715 acerbae
510 677 697 714 irrisionis
727 677 804 712 vim
826 676 996 712 orationi
1018 676 1260 724 adspergere
1282 677 1450 721 videtur,
1486 683 1684 726 quatenus
1706 690 1814 726 pror-

307 758 371 782 sus
401 742 624 793 εἰρωνικῶς
655 744 797 780 dicitur
828 740 916 781 ἐπεί
947 739 984 789 γ’
1016 739 1219 790 ἐλήφθης,
1260 739 1348 781 ἐπεί
1376 754 1423 789 γε
1454 740 1666 793 δεσπότης
1698 742 1814 793 ὑμῶν

306 810 473 860 πέφυκα
491 809 515 849 1.
575 811 681 847 Hinc
720 811 919 858 discrepat
956 809 1062 846 Ionis
1099 810 1222 856 locus,
1267 822 1347 859 quo
1377 807 1424 856 γε’
1454 811 1547 847 illud
1583 818 1656 859 est,
1704 812 1816 860 quod

307 881 345 916 in
367 879 627 927 responsione
650 868 934 925 frequentatur,
961 882 1141 913 nostrum
1168 866 1270 925 ‘ja';
1304 888 1395 925 ergo
1419 889 1508 913 cum
1529 878 1814 915 coniunctione

305 958 375 994 per
410 958 452 981 se
492 945 587 981 nihil
628 956 841 981 commune
881 944 1018 980 habet.
1086 943 1139 979 At
1167 942 1348 980 Helenae
1379 953 1417 980 V.
1451 945 1529 982 556
1577 956 1699 993 quam
1736 946 1815 983 vim

306 1013 548 1062 peculiarem
577 1012 795 1061 particulae
825 1011 1051 1056 attribuam,
1097 1010 1241 1046 dubius
1280 1009 1441 1058 haereo,
1487 1011 1563 1047 nisi
1594 1012 1700 1049 idem
1731 1012 1814 1050 fere

306 1078 392 1118 ε’πεί
423 1091 483 1126 γε,
516 1080 624 1128 quod
655 1075 815 1127 ἐπειδή,
847 1075 1029 1125 ἐπείπερ,
1060 1077 1189 1114 valere
1221 1078 1527 1115 contendamus.
1586 1078 1658 1114 Est
1680 1084 1816 1116 autem

306 1148 369 1183 illa
402 1158 537 1183 versus
568 1147 685 1183 sedes
719 1142 859 1192 ἐπειδή
890 1144 1107 1192 particulae
1138 1144 1298 1192 propria
1328 1145 1433 1180 adeo
1468 1145 1641 1192 quidem,
1668 1152 1712 1183 ut
1739 1147 1814 1183 nisi

307 1219 400 1250 ante
441 1213 760 1261 semiquinariam
804 1212 843 1248 in
886 1210 1259 1248 trimetroGraeco
1298 1209 1530 1260 nusquam2
1569 1213 1815 1258 inveniatur;

308 1281 428 1317 semel
459 1281 578 1328 igitur
609 1292 632 1316 a
665 1280 833 1328 tragico,
865 1280 975 1328 quod
1005 1290 1076 1327 per
1105 1290 1148 1314 se
1179 1278 1423 1315 rarissimum
1456 1284 1527 1323 est,
1571 1280 1613 1316 id
1642 1281 1683 1316 in
1712 1281 1817 1317 illum

308 1348 441 1384 locum
474 1359 562 1384 esse
593 1347 812 1383 admissum
844 1346 986 1382 saltem
1017 1345 1273 1382 memorabile
1305 1352 1402 1394 puto
1421 1343 1446 1384 3.
1508 1346 1628 1383 Certa
1656 1347 1817 1396 quidem

309 1415 504 1451 vocabula
545 1415 660 1451 certis
697 1414 863 1450 trimetri
902 1413 1064 1450 sedibus
1101 1424 1302 1449 recurrere
1341 1413 1405 1449 alii
1448 1413 1526 1449 iam
1567 1412 1817 1449 animadver-

308 1488 451 1526 terunt,
481 1488 523 1518 nt
553 1478 919 1518 Stadtmuellerus4
951 1476 1065 1528 οἶμαι
1091 1480 1325 1528 plerumque
1356 1485 1450 1516 ante
1481 1491 1689 1516 caesuram
1718 1492 1816 1528 pen-

308 1548 570 1584 themimeren
601 1548 800 1585 obversari
831 1548 980 1586 docuit.
1040 1547 1154 1583 Idem
1176 1548 1228 1584 de
1249 1545 1391 1595 μέντοι
1414 1543 1508 1598 (μὲν
1531 1544 1595 1595 δὴ,
1628 1545 1701 1595 μέν
1722 1542 1815 1597 νυν)

307 1616 535 1665 dicendum,
565 1616 641 1652 nisi
673 1617 784 1664 quod
813 1621 945 1652 exstat
978 1626 1114 1652 versus
1146 1614 1395 1663 Aeschyleus
1426 1614 1535 1651 haud
1564 1614 1701 1663 pulcre
1731 1626 1815 1650 mo-

306 1684 468 1720 dulatus
499 1684 639 1731 Agam.
671 1684 748 1721 907

499 1751 647 1790 πιθοῦ·
678 1750 834 1800 κράτος
867 1748 1008 1800 μέντοι
1038 1746 1171 1799 πάρες
1202 1747 1241 1796 γ’
1272 1746 1378 1788 ἑκὼν
1409 1745 1510 1797 ἐμοί.

305 1818 409 1857 conf.
438 1818 639 1867 Aristoph.
672 1818 777 1855 Nub.
813 1819 887 1855 126

501 1883 591 1924 ἀλλ’
624 1882 713 1924 οὐδ’
748 1884 831 1932 ἐγὼ
861 1883 1003 1934 μέντοι
1034 1882 1181 1924 πεσών
1211 1896 1258 1931 γε
1291 1881 1495 1932 κείσομαι.

305 1948 456 2001 Ἐχρῆν
495 1959 588 2001 post
628 1953 823 1989 vocabula
863 1953 902 1989 in
943 1964 1164 1989 consonam
1206 1951 1396 1989 exeuntia
1438 1951 1477 1987 in
1523 1950 1813 1998 antiquioribus

304 2021 502 2069 Euripidis
534 2020 678 2056 fabulis
708 2020 871 2056 minime
903 2032 1025 2068 saepe
1057 2020 1265 2069 invenitur,
1296 2029 1494 2067 nusquam
1522 2018 1561 2054 in
1593 2017 1813 2060 Alcestide,

305 2087 466 2135 singulis
495 2087 534 2122 in
564 2086 723 2129 Medea,
756 2086 993 2135 Hippolyto,
1024 2086 1251 2123 Heraclidis
1283 2085 1485 2133 exemplis.
1544 2085 1605 2121 Ea
1636 2096 1729 2120 vero
1760 2085 1816 2120 ita

305 2160 537 2202 comparata
570 2159 671 2197 sunt,
700 2159 742 2189 ut
764 2150 840 2192 οὐκ
860 2154 1055 2201 particula
1090 2164 1249 2202 semper
1280 2153 1516 2189 antecedat:
1547 2151 1654 2188 Med.
1671 2163 1705 2190 v.
1725 2152 1816 2188 507.

845 2219 920 2268 οὓς
947 2218 993 2259 δέ
1024 2216 1061 2268 μ’
1096 2217 1172 2259 οὐκ
1203 2217 1329 2268 ἐχρῆν
1361 2219 1500 2267 κακῶς
1527 2214 1532 2268 Ι
1559 2217 1676 2267 δρᾶν,

458 2287 621 2336 Hippol.
653 2301 688 2325 ν.
711 2290 788 2325 297
822 2284 923 2326 εἶὲν·
956 2285 993 2325 τί
1024 2287 1166 2338 σιγᾷς;
1206 2283 1284 2325 οὐκ
1313 2284 1441 2334 ε’χρῆν
1475 2285 1611 2334 σιγᾶν,
1653 2283 1813 2324 τέκνον.

446 2355 605 2393 Heracl.
629 2368 662 2391 v.
684 2356 789 2393 1000
819 2352 957 2394 κείνου
975 2352 1009 2393 δ’
1022 2351 1368 2402 ἀπαλλαχθέντος
1381 2350 1458 2392 οὐκ
1476 2351 1604 2401 ἐχρῆν
1622 2347 1661 2401 μ’
1674 2349 1773 2401 ἄρα.
1788 2382 1818 2390 ..

435 2493 447 2516 1
473 2495 533 2526 ‘da
559 2496 650 2527 doch
677 2493 854 2528 offenbar'.
907 2495 947 2527 cs.
975 2494 1150 2526 Herodoti
1176 2495 1192 2525 1
1211 2493 1266 2532 60,
1294 2495 1346 2524 III
1364 2494 1397 2527 Ξ).

430 2552 445 2575 2
469 2560 603 2596 praeter
630 2555 713 2586 duos
738 2554 986 2596 Aristophanis
1012 2554 1119 2586 locos.

432 2611 446 2633 3
471 2613 595 2654 ἐπειδὴ
623 2615 704 2646 Eur.
731 2613 842 2645 Andr.
869 2612 925 2655 57,
953 2612 1036 2653 9283
1076 2612 1208 2644 Hecub.
1243 2611 1322 2653 7715,
1358 2611 1466 2654 10013
1512 2611 1637 2644 Helen.
1672 2611 1702 2651 7,
1735 2610 1814 2649 612,

304 2670 402 2709 1005,
434 2670 533 2709 1408,
562 2670 669 2710 15(5{);
711 2672 767 2705 El.
795 2671 856 2714 903
900 2671 1042 2704 Heracl.
1069 2670 1125 2709 ⁴29,
1152 2670 1230 2712 206,
1258 2669 1337 2708 507,
1365 2669 1442 2710 744,
1476 2669 1556 2707 819,
1590 2669 1669 2711 97⁴5,
1706 2669 1816 2712 10093

302 2731 402 2761 Herc.
430 2729 509 2771 254,
536 2729 618 2769 72&
663 2730 782 2772 Suppl.
809 2729 892 2772 >5793
943 2730 1048 2772 Hipp.
1077 2729 1156 2767 237,
1183 2729 1267 2772 3993
1311 2729 1386 2770 Iph.
1413 2730 1515 2761 Taur.
1543 2730 1598 2764 75,
1626 2728 1707 2772 5310,
1734 2727 1813 2770 595,

301 2788 368 2820 <5:30
391 2793 453 2820 etc.
504 2787 630 2830 ἐπειδή
656 2789 688 2829 γ’
719 2789 822 2822 semel
849 2789 884 2819 iu
912 2789 1087 2829 tragoedia
1112 2787 1259 2830 Hippol.
1286 2799 1316 2820 v.
1344 2786 1422 2820 946.
1462 2787 1503 2819 cs.
1523 2787 1812 2829 A1·ist0ph.Equ.

301 2846 386 2888 «371,
410 2847 508 2888 plura
534 2847 569 2877 in
595 2846 801 2888 Thucydide
830 2847 987 2888 exempla
1014 2845 1077 2888 (3).
1129 2844 1184 2889 (cf.
1211 2846 1305 2876 Ionis
1331 2845 1636 2887 Pseudoplatonici
1662 2843 1813 2888 53213.)

429 2902 443 2924 ⁴
472 2904 633 2944 Beitriige
660 2916 718 2935 zur
744 2904 975 2936 Texteskritik
1002 2905 1059 2936 der
1086 2904 1376 2946 Euripideischen
1403 2904 1539 2937 Medea.
1591 2903 1815 2944 Progr.Hei·

304 2962 397 2995 delb.
428 2962 515 2995 1876
542 2974 574 3004 p.
595 2961 649 2996 15.
